3742 5167
1837 572 2172 636 ‚14-

889 740 1179 808 dicant»
1219 762 1232 821 ;
1279 740 1504 829 neque
1558 739 1642 807 ab
1680 748 1951 809 oratore
2014 741 2448 810 audientium
2509 750 2775 811 mentes
2845 746 3124 812 tractari

889 870 1111 935 posse,
1146 847 1282 914 nisi
1312 848 1382 913 in
1423 847 1523 914 eis
1557 847 1760 915 rebus
1799 847 2329 936 ampliticandiS,
2375 871 2550 938 quae
2589 850 2961 939 fugiendae
3019 850 3128 919 vel

888 955 1304 1045 expetendae
1329 954 1719 1031 videantur,
1764 955 1960 1040 vulgi
1983 955 2213 1044 potius
2264 977 2473 1044 quam
2515 958 2933 1047 sapientium
2976 981 3129 1024 sen-

888 1064 1173 1130 tentiam
1202 1069 1533 1149 sequatur
1565 1061 1683 1151 (1).
1712 1101 1790 1110 —
1821 1062 1909 1128 Et
1939 1063 2329 1151 quidem,si
2353 1064 2507 1151 quis
2536 1063 2713 1131 hanc
2739 1065 3020 1131 Antonii
3044 1064 3127 1131 de

888 1170 1329 1259 philosophia
1354 1169 1893 1259 disputationem
1926 1191 1965 1234 a
1996 1170 2340 1237 sermonis
2379 1178 2698 1238 contextu
2737 1178 3126 1261 separatam

883 1277 1441 1361 consideret,non
1461 1275 1659 1344 modo
1686 1277 1978 1342 miretur
2004 1282 2145 1343 tam
2185 1276 2458 1344 diversa
2476 1276 2559 1344 de
2592 1299 2664 1345 re
2704 1277 2944 1345 eadem
2978 1280 3119 1343 An·

885 1384 1154 1451 tonium
1191 1383 1442 1463 dicere,
1482 1390 1556 1450 ut
1590 1406 1691 1463 ea,
1736 1405 1913 1472 quae
1955 1390 2021 1450 et
2060 1384 2130 1449 in
2177 1387 2418 1451 Crasso
2466 1383 2671 1451 modo
2730 1384 3127 1473 probaverit

886 1497 951 1557 et
976 1492 1048 1557 in
1090 1489 1473 1558 Charmada
1493 1514 1563 1557 se
1590 1496 1793 1557 antea
1815 1490 2221 1579 probavisse
2255 1492 2774 1574 memoraverit,
2804 1514 2992 1559 nunc
3015 1514 3122 1558 re·-

886 1596 1171 1685 pudiare
1197 1596 1512 1665 videatur
1538 1622 1556 1682 3
1589 1620 1833 1683 verum
1867 1598 2073 1664 etiam
2101 1596 2233 1665 hoc
2264 1620 2497 1665 secum
2526 1603 2821 1687 reputet,
2855 1598 3126 1665 Cicero-

882 1725 1071 1782 nem,
1099 1743 1176 1754 —
1203 1726 1334 1770 non
1355 1703 1660 1771 curando
1685 1711 1755 1771 ut
1778 1706 1947 1771 haec
1962 1705 2250 1770 Antonii
2276 1706 2789 1794 argumentatio
2813 1728 2851 1771 a
2878 1705 3123 1771 Crasso

886 1810 1331 1894 refutaretur,
1366 1852 1453 1864 -—
1491 1812 1801 1879 effecisse
1858 1819 1935 1878 ut
2001 1813 2224 1901 ipsam
2269 1812 2702 1902 opinionem,
2763 1832 2973 1901 quam
3051 1834 3123 1877 se

887 1918 1096 1984 tutari
1129 1919 1196 1984 in
1233 1918 1590 2007 prooemio
1623 1918 2183 2007 significavisset,
2221 1919 2293 1984 in
2359 1917 2669 2008 aliquam
2750 1917 3122 1985 dubitatio-

885 2047 1043 2091 nem
1084 2023 1456 2093 adduceret
1500 2049 1515 2108 ;
1561 2025 1680 2093 sed
1720 2025 1897 2093 hanc
1931 2026 2216 2092 Antonii
2250 2048 2412 2093 cum
2444 2048 2482 2092 a
2542 2026 2784 2092 Crasso
2808 2029 2959 2091 tum
2991 2046 3123 2091 ase

886 2132 1037 2219 ipso
1104 2131 1612 2201 dissensionem
1645 2154 2058 2199 evanescere
2101 2133 2160 2199 is
2208 2138 2556 2222 agnoscet,
2619 2132 2740 2220 qui
2808 2136 3122 2198 accurate

886 2239 1344 2327 perspexerit,
1377 2245 1443 2306 et
1477 2259 1613 2327 quo
1656 2239 1934 2305 Antonii
1967 2237 2349 2327 disputatio
2390 2240 2627 2305 tendat
2670 2244 2737 2303 et
2776 2236 3123 2327 quomodo

888 2344 960 2410 in
992 2366 1388 2412 sermonem
1419 2345 1814 2412 introducta
1846 2346 1958 2410 sit.

967 2451 1067 2517 Eo
1107 2452 1292 2517 enim
1341 2452 1682 2518 sermonis
1716 2456 2002 2540 puncto,
2042 2450 2160 2516 ubi
2195 2450 2562 2529 AntoniUS,
2608 2450 2789 2515 sicut
2839 2456 3123 2538 rogatus

883 2564 1011 2640 est,
1083 2560 1387 2648 suscepit
1455 2559 1989 2647 explicationem
2039 2580 2304 2635 eorum,
2369 2579 2546 2645 quae
2611 2555 2694 2623 de
2763 2555 3122 2623 rhetorum

881 2673 1026 2733 arte
1056 2665 1356 2733 breviter
1401 2690 1440 2733 a
1498 2666 1742 2732 Crasso
1785 2665 1935 2754 jam
1986 2665 2277 2732 decursa
2313 2666 2452 2732 sint
2491 2663 2607 2753 (2),
2690 2663 2858 2730 nihil
2943 2670 3122 2730 esset

880 2795 1003 2839 cur
1044 2771 1126 2840 de
1169 2773 1611 2864 philosophia
1636 2773 2113 2863 cognoscenda
2145 2796 2387 2840 rursus
2428 2772 2969 2862 disputationem
3018 2773 3121 2838 in·

883 2882 1226 2955 stitueret,
1305 2881 1440 2946 nisi
1498 2880 1807 2961 CrassuS,
1883 2886 2036 2969 post
2104 2880 2467 2948 recollecta
2509 2909 2535 2941 «
2601 2881 2769 2947 artis
2813 2907 2843 2940 »
2925 2902 3125 2969 prae-

884 2993 1082 3076 cepta
1158 2986 1248 3076 (3)
1299 2987 1382 3054 de
1427 3015 1456 3048 «
1501 2988 1990 3055 exercitatione
2034 3016 2065 3050 »
2136 3010 2411 3077 quoque
2479 2988 2945 3076 interrogatus
2997 2984 3118 3076 (4),

883 3116 1100 3183 pauca
1131 3096 1339 3161 etiam
1378 3094 1460 3162 de
1490 3096 1821 3163 varietate
1893 3096 2171 3179 artium,
2236 3118 2407 3184 quas
2474 3097 2727 3162 oratori
2786 3095 3121 3184 complec-

881 3201 1121 3268 tendas
1160 3209 1495 3285 censeret,
1534 3204 1927 3292 repetiisset
1955 3203 2046 3293 (5)
2085 3225 2099 3272 :
2146 3203 2326 3269 inter
2357 3224 2529 3291 quas
2578 3203 2909 3292 quoniam
2941 3200 3121 3289 juris

883 3308 1106 3376 civilis
1140 3308 1498 3375 scientiam
1549 3314 1623 3374 ut
1668 3309 1923 3376 oratori
1974 3310 2435 3377 necessariam
2490 3308 2778 3375 Crassus
2817 3308 3123 3375 maxima

883 3437 1043 3482 cum
1104 3417 1301 3504 copia
1359 3416 1734 3505 separatim
1778 3416 2229 3504 amplificavit
2272 3416 2383 3503 (6),
2446 3414 2701 3481 idcirco
2769 3414 3120 3481 Antonius

883 3522 1081 3609 quasi
1109 3520 1410 3610 quodam
1437 3521 1951 3596 contradicendi
1992 3522 2223 3589 studio
2263 3521 2600 3590 adductus
2624 3522 2727 3587 illi
2766 3521 3120 3589 'variarum

879 3627 1353 3694 doctrinarum
1385 3627 1468 3694 ad
1509 3628 1982 3718 eloquentiam
2014 3628 2445 3717 adjunctioni
2528 3628 2910 3695 adversari
2946 3628 3122 3693 inci-

883 3736 1004 3823 pit,
1044 3736 1453 3824 praesertim
1492 3757 1651 3802 cum
1694 3736 1840 3825 ipse
1863 3736 2046 3823 juris
2104 3736 2351 3811 civilis,
2377 3742 2455 3801 ut
2479 3735 2735 3802 fatetur
2767 3734 2886 3823 (7),
2927 3735 3121 3823 igna-

881 3864 1025 3924 ruS,
1069 3865 1210 3924 eOS,
1255 3842 1375 3931 qui
1397 3841 1525 3909 hac
1548 3842 1839 3908 scientia
1861 3841 2103 3909 nudati
2147 3841 2234 3908 ad
2275 3865 2516 3909 causas
2549 3841 2876 3909 dicendas
2934 3863 3122 3907 acce·

882 3948 1148 4030 derent,
1193 3971 1352 4015 cum
1398 3978 1426 4009 «
1478 3950 1770 4017 inertiae
1807 3978 1837 4010 »
1875 3955 2025 4016 tum
2067 3950 2276 4016 etiam
2322 3978 2350 4008 «
2396 3949 2872 4038 impudentiae
2913 3976 2944 4010 »
3011 3970 3122 4014 ve-

884 4057 1248 4125 hementer
1275 4056 1724 4125 condemnari
1757 4078 1796 4121 a
1828 4055 2100 4135 Crasso,
2175 4096 2255 4104 —-
2297 4056 2461 4122 licet
2522 4056 2670 4144 ipse
2719 4053 2804 4121 ab
2874 4055 3117 4122 eodem

946 4295 1010 4357 (1)
1047 4295 1122 4342 De
1156 4294 1240 4344 or.
1277 4295 1317 4354 1,
1346 4296 1455 4355 221,
1483 4298 1592 4355 224,
1622 4298 1730 4346 235.

945 4368 1012 4428 (2)
1043 4367 1119 4415 De
1150 4366 1235 4416 ον.
1268 4367 1306 4427 1,
1337 4369 1445 4429 148,
1477 4369 1708 4417 204-207.

944 4439 1011 4501 (3)
1043 4439 1118 4487 De
1142 4438 1230 4488 cr.
1263 4438 1302 4497 Ι,
1333 4440 1559 4489 137-147.

948 4511 1014 4572 (4)
1044 4508 1199 4567 thid„
1230 4511 1337 4559 148.

947 4583 1012 4642 (5)
1047 4580 1202 4642 lbid.,
1238 4583 1462 4633 158·159.

947 4654 1013 4715 (6)
1046 4652 1203 4712 1hid.‚
1236 4654 1462 4703 166-203.

946 4725 1011 4788 (τ)
1050 4724 1204 4787 ibid„
1236 4728 1345 4775 248.
1379 4726 1453 4776 cr.
1469 4728 1577 4775 265.
