3742 5167
791 548 957 613 „11-

314 713 438 780 vitatas
450 719 484 780 et
504 712 605 780 initio
616 713 824 781 constitutas
840 719 873 781 et
884 736 987 804 saepe
1002 723 1223 784 conservatas
1239 738 1315 785 esse
1331 716 1431 783 Cras·

314 842 373 887 sus
385 817 522 901 dixerit,
547 820 709 898 alterum,
727 820 819 910 quod
844 826 977 889 remoto
995 822 1270 905 loro‚concione,
1281 823 1432 913 judiciis,

314 932 449 1007 senatu,
479 928 640 994 statuerit
665 934 838 995 oratorem
854 928 890 994 iu
911 929 1008 994 omni
1028 950 1154 1017 genere
1194 932 1365 998 sermonis
1398 937 1433 998 et

315 1032 543 1100 humanitatis
556 1056 632 1101 esse
652 1034 844 1123 perfeetum
866 1062 881 1097 »
904 1036 963 1123 (1).
987 1035 1144 1115 Quorum
1155 1038 1192 1104 in
1206 1037 1327 1118 altero,
1346 1060 1432 1127 quo·

315 1140 411 1205 niam
426 1139 683 1230 idaproposito
699 1147 818 1209 nostro
843 1142 913 1209 fere
942 1142 1098 1209 alienum
1123 1150 1186 1225 est,
1227 1149 1434 1233 argumenta

313 1248 369 1316 vel
385 1249 500 1337 potius
516 1249 675 1339 exempla
702 1248 900 1317 aSoaevola
924 1250 959 1315 in
984 1250 1193 1317 contrariam
1227 1255 1361 1338 partem
1386 1250 1434 1315 al-

314 1355 384 1422 lata
412 1352 464 1439 (2)
500 1355 737 1445 negligimus3
772 1356 808 1421 in
830 1357 940 1424 altero
969 1362 1099 1441 autem,
1118 1396 1160 1405 -
1184 1355 1277 1445 quod
1290 1356 1433 1443 quidem

315 1467 486 1551 quatenus
499 1460 542 1529 ad
552 1469 710 1530 nostram
723 1465 964 1553 quaestionem
981 1464 1165 1554 pertineat.
1189 1485 1270 1530 mox
1302 1462 1433 1530 videbi·

315 1591 405 1649 mus,
429 1605 467 1620 -
488 1570 633 1659 opponit
644 1569 767 1637 Crasso
777 1570 1069 1661 philosophorum
1085 1570 1236 1636 maxime
1251 1580 1373 1659 greges
1385 1570 1433 1660 (3)

214 1754 215 1757 ¹
317 1677 580 1766 «possessiones
598 1704 611 1737 a
629 1677 984 1754 suasvindicantium‚
1015 1698 1165 1767 quorum
1191 1683 1265 1742 tum
1297 1677 1435 1745 univer-

315 1804 446 1861 sorum,
469 1788 543 1849 tum
573 1784 805 1873 persingulas
818 1784 973 1853 familias
1006 1782 1320 1852 contradicentium
1334 1805 1434 1872 argu-

317 1894 434 1955 menta
448 1888 595 1976 colligit,
608 1895 647 1956 ut
662 1890 712 1957 sic
729 1890 926 1973 concludat,
970 1898 1151 1959 oratorum
1177 1890 1330 1957 facultati
1365 1913 1435 1957 non

318 2022 332 2054 «
354 1995 469 2060 omnis
482 1996 653 2061 sermonis
684 1994 958 2086 disputationem
980 2025 1010 2079 »‚
1029 1996 1090 2065 sed
1100 1995 1233 2087 judicia
1248 2001 1385 2063 tantum
1397 2003 1435 2083 ‘et

314 2100 498 2167 conciones
517 2105 550 2167 et
563 2107 723 2169 senatum
748 2102 971 2171 attribuenda
986 2126 1074 2172 esse.
1089 2143 1133 2153 -
1160 2102 1273 2183 Quam
1302 2104 1435 2193 opinio·

316 2204 471 2272 nemsibi
491 2198 632 2295 quider'n
649 2209 870 2276 notissimam¹
892 2230 968 2276 esse
994 2209 1138 2277 Crassus
1167 2208 1352 2298 respondet
1371 2209 1432 2299 (4),

315 2312 444 2402 quippe
455 2335 565 2380 cuma
580 2314 683 2380 claris
698 2314 875 2381 variarum
896 2326 1069 2382 sectarum
1081 2315 1299 2406 philosophis
1315 2316 1435 2385 eadem

314 2416 386 2485 fere
402 2417 443 2485 de
459 2427 595 2487 oratore
615 2420 792 2509 disputata
821 2420 968 2489 Athenis
990 2422 1140 2491 audierit
1157 2448 1166 2507 ς
1196 2446 1318 2513 eaque,
1347 2446 1436 2514 quae

314 2532 434 2591 contra
453 2548 511 2593 eos
541 2531 622 2593 tunc
655 2526 861 2595 disseruisse
876 2551 912 2595 so
930 2529 990 2608 ait,
1010 2530 1044 2595 in
1066 2529 1216 2620 duplicis
1235 2532 1435 2619 argumenti

314 2630 463 2699 formam
479 2633 661 2701 recollecta
681 2635 842 2723 explicat,
864 2635 964 2725 cujus
981 2635 1066 2703 haec
1081 2637 1154 2704 fere
1186 2659 1324 2703 summa
1358 2643 1434 2703 est:

314 2743 500 2820 oratorem,
517 2741 654 2807 etiamsi
672 2742 848 2831 quiscum
880 2742 921 2810 ad
938 2743 1070 2831 judicia
1089 2751 1121 2811 et
1135 2742 1178 2810 ad
1200 2745 1382 2811 conciones
1403 2751 1436 2811 et

314 2844 357 2913 ad
376 2847 563 2913 sententias
575 2848 610 2912 in
621 2856 743 2916 senatu
754 2847 916 2916 dicendas
931 2849 1040 2939 redigi
1056 2851 1215 2918 voluerit.
1232 2857 1349 2918 tamen
1364 2879 1380 2912 o
1394 2850 1437 2918 ab

313 2953 409 3019 omni
424 2952 580 3022 doctrina
591 2976 779 3044 rerumque
790 2956 964 3043 majorum
977 2958 1121 3023 scientia
1135 2956 1182 3046 (5)
1200 2987 1214 3017 »
1231 2979 1296 3023 uon
1310 2956 1436 3024 idcirco

316 3059 572 3128 excludendum
599 3083 686 3146 esse,
705 3062 833 3151 quippe
857 3063 913 3129 cni
939 3061 981 3128 ad
1003 3062 1231 3129 exercendam
1257 3063 1310 3130 vel
1326 3064 1359 3129 in
1379 3062 1436 3130 his

314 3168 472 3255 angustis
497 3169 656 3235 terminis
680 3168 916 3257 eloquentiam
949 3166 1033 3235 haec
1060 3169 1134 3257 ipsa
1155 3170 1300 3236 seientia
1319 3169 1437 3237 deesse

313 3297 382 3342 non
399 3272 521 3341 debeat
539 3296 546 3355 ;
563 3273 638 3362 ejus
652 3284 744 3343 certe
760 3269 1030 3364 scientiae‚quae
1051 3274 1340 3365 philosophorum
1358 3299 1438 3365 pro-

314 3382 453 3470 priasit,
474 3380 731 3470 cognoscendae
739 3381 925 3448 utilitatem
939 3384 1022 3448 satis
1043 3405 1084 3449 ex
1104 3404 1143 3449 eo
1160 3383 1309 3471 perspici
1325 3405 1435 3471 posse,

314 3486 405 3577 quod
414 3492 448 3554 et
458 3486 501 3553 ad
514 3488 709 3555 tractandas
721 3489 839 3554 multis
851 3485 964 3553 modis
975 3487 1158 3555 hominum
1172 3496 1304 3556 mentes
1315 3496 1438 3556 natura

314 3594 498 3661 hominum
513 3596 544 3661 ei
557 3595 735 3683 incognita
756 3618 831 3661 esse
857 3616 927 3660 uon
941 3594 1062 3662 debeat
1089 3595 1150 3685 (6).
1166 3602 1198 3662 et
1233 3597 1268 3662 in
1293 3596 1437 3664 dicendo

314 3702 415 3768 multi
435 3700 590 3769 incidant
617 3701 684 3768 loci
707 3724 791 3789 quos
815 3700 908 3791 philo
934 3703 1035 3791 sophi
1059 3708 1097 3768 ut
1117 3725 1198 3769 suos
1222 3702 1357 3769 tradere
1377 3726 1439 3769 so-

313 3812 406 3876 leant
415 3809 470 3896 (7);
483 3806 639 3895 ejusdem
651 3830 731 3874 vero
745 3808 977 3874 maximarum
989 3830 1106 3874 rerum
1116 3809 1279 3875 scientiae
1289 3809 1438 3875 necessi-

315 3918 421 3981 tatem
436 3913 563 3981 clarius
579 3915 683 3981 etiam
697 3936 877 4003 apparere,
895 3915 923 3980 si
941 3942 957 3974 «
973 3916 1120 3981 oratoris
1145 3913 1237 3981 nihil
1268 3938 1342 3982 esse
1369 3921 1438 3983 sta·

345 4127 377 4189 (l)
390 4128 427 4177 De
442 4128 484 4177 Or.
502 4129 519 4189 l,
536 4129 604 4191 (cap.
618 4129 651 4191 9),
666 4129 704 4177 ³5.

346 4198 380 4261 (a)
396 4197 475 4257 uid,
489 4202 572 4248 aa-io.

345 4270 379 4333 (3)
394 4269 568 4333 Philosophus
585 4285 601 4320 a
615 4271 723 4321 Socrate
736 4271 951 4321 ortosScaevola
965 4276 1073 4336 separat
1087 4274 1120 4323 ab
1146 4273 1202 4324 illis
1221 4276 1366 4337 veteribus,
1391 4278 1440 4339 qui

318 4341 449 4405 «physici
466 4356 480 4389 a
495 4340 559 4391 dicti
576 4344 652 4392 erant
664 4341 710 4405 (Cf.
726 4342 775 4404 42),
789 4343 858 4391 sicut
875 4342 933 4391 fieri
952 4343 1074 4394 ridemus
1086 4346 1115 4395 in
1134 4346 1354 4396 Academicorum
1368 4349 1439 4413 prio-

320 4426 380 4461 rum
397 4413 466 4462 libro
480 4413 503 4461 ll
516 4414 585 4477 (cap.
602 4415 634 4475 ὅ).

345 4482 379 4547 (4)
395 4484 432 4533 De
443 4484 486 4534 Or.
499 4485 519 4543 l,
530 4486 569 4534 45.

343 4556 378 4617 (5)
394 4556 435 4605 lta
449 4555 591 4618 loquentes
603 4554 781 4619 philosophos
798 4556 910 4606 Crassus
926 4557 999 4618 iacit,
1015 4562 1054 4608 46.

348 4626 653 4689 mmmmm&

348 4697 379 4760 (Ἰ)
395 4697 434 4748 Gi.
452 4697 516 4748 ibid.
529 4700 566 4747 56.
