3742 5167
790 560 955 625 ..13-

318 730 538 820 eloquentem
553 726 667 795 adhue
680 728 857 795 neminem
878 755 893 789 n
918 726 977 817 (l)
1003 767 1041 778 -
1059 728 1130 810 Sic,
1162 736 1240 817 post
1256 727 1432 795 alternum

317 836 444 925 dialogi
464 834 563 924 quasi
583 834 778 915 exordium,
796 834 971 901 Antonius
987 840 1019 901 et
1039 832 1183 901 Crassus
1202 835 1237 899 in
1252 833 1319 901 boc
1351 856 1434 901 con·

318 944 446 1011 sentire
463 942 565 1031 plane
577 939 753 1023 videntur,
781 940 898 1030 quod«
918 964 1018 1009 nemo
1038 941 1160 1031 possit,
1179 941 1247 1008 nisi
1267 942 1327 1031 qui
1355 941 1429 1020 illa,

317 1071 446 1140 quaea
472 1047 682 1116 doctissimis
708 1046 910 1115 hominibus
943 1049 976 1114 in
1006 1047 1229 1141 philosophia
1257 1052 1429 1126 dicantur.

317 1158 530 1247 cognoverit,
560 1162 620 1223 aut
638 1152 763 1222 callide
791 1159 851 1221 aut
889 1156 1027 1245 copiose
1055 1155 1206 1225 dicere»
1237 1159 1284 1249 (2)
1308 1176 1376 1227 tne
1396 1159 1431 1227 id

317 1265 456 1356 quidem
469 1263 713 1353 graveminter
726 1283 785 1328 eos
800 1260 1051 1329 dissensionem
1081 1264 1199 1347 efficit,
1239 1265 1332 1357 quod
1360 1267 1433 1334 An·

316 1373 434 1440 tonius
453 1369 701 1438 animadvertit
719 1360 780 1457 (3),
810 1390 915 1459 quam
940 1397 954 1430 a
973 1369 1114 1439 difficile
1134 1372 1227 1440 factu
1255 1403 1269 1434 a
1287 1379 1380 1441 esset
1393 1396 1434 1441 ea

317 1480 549 1547 maximarum
562 1477 692 1544 artium
717 1475 759 1543 ad
778 1474 915 1543 dicendi
950 1477 1150 1545 facultatem
1178 1478 1364 1568 adjunctio,
1391 1520 1433 1531 -

316 1608 397 1654 cum
416 1582 623 1675 uterquetl)
649 1603 764 1671 neque
794 1604 830 1650 se
862 1604 976 1673 neque
1003 1606 1214 1675 quemquam
1243 1586 1356 1654 adhuc
1390 1587 1432 1654 ad

316 1716 396 1761 eum
412 1691 542 1760 summi
557 1689 770 1780 perfectique
791 1690 938 1757 oratoris
949 1692 1049 1781 quasi
1073 1692 1220 1783 gradum
1236 1693 1433 1763 ascendisse

317 1799 531 1890 profiteatur.

360 1906 452 1973 Haec
462 1911 580 1971 tamen
593 1902 776 1993 utriusque
788 1904 971 1971 consensio
983 1904 1018 1971 in
1032 1912 1186 1973 extrema
1208 1906 1313 1997 hujus
1327 1908 1433 1998 primi

315 2012 396 2079 libri
417 2018 513 2102 parte
528 2012 644 2101 rumpi
658 2009 808 2095 videtur,
825 2010 886 2078 ubi
896 2014 1086 2079 Antonium
1104 2014 1266 2082 audimus
1281 2016 1434 2083 rationes

316 2121 409 2209 ipsas
425 2119 654 2199 refellentem,
675 2116 894 2207 quibuscum
913 2118 1057 2186 Crassus
1075 2127 1149 2187 tum
1179 2120 1238 2188 ille
1259 2111 1432 2190 Charma-

315 2227 376 2294 das
391 2228 425 2292 in
450 2226 684 2315 disputatione
700 2224 742 2291 ab
761 2226 912 2293 Antonio
928 2234 1199 2295 commemorata
1216 2228 1433 2298 demonstra·

316 2333 399 2400 bant
433 2361 448 2395 α
493 2331 750 2422 philosophiam
784 2333 912 2399 oratori
938 2334 1132 2401 necessario
1174 2335 1432 2425 percipiendam

316 2462 391 2508 esse
414 2469 429 2501 »
452 2438 523 2530 (5):
548 2438 613 2505 hoc
634 2440 728 2505 enim
752 2439 979 2521 contendit«
1006 2442 1148 2521 oratori,
1166 2443 1228 2531 qui
1252 2444 1288 2509 in
1304 2444 1433 2534 populo

315 2547 461 2637 loroque
498 2558 670 2623 versetur,
702 2545 785 2611 satis
805 2568 879 2612 esse
910 2568 950 2613 ea
980 2545 1021 2613 de
1061 2546 1219 2614 moribus
1248 2547 1432 2617 bominum

316 2663 350 2723 et
369 2658 457 2723 scire
471 2661 504 2723 et
524 2654 651 2731 dicere,
669 2674 757 2741 quae
769 2674 837 2717 uon
852 2650 1063 2720 abhorreant
1076 2652 1118 2719 ab
1129 2653 1311 2722 homiuum
1326 2658 1433 2723 mori·
1483 2653 1488 2657 ⁴

318 2760 380 2827 bus
397 2792 410 2821 n
425 2760 485 2851 (dh
504 2762 651 2852 quaerit,
670 2788 686 2820 «
700 2761 779 2849 quis
794 2783 949 2851 uuquam
964 2766 1080 2828 orator
1096 2783 1243 2850 magnus
1256 2771 1289 2829 et
1305 2765 1434 2851 gravis,

315 2888 394 2933 cum
410 2868 538 2934 iratum
551 2866 750 2934 adversario
757 2866 911 2955 judicem
934 2870 1045 2935 tacere
1060 2868 1177 2952 vellet,
1210 2868 1433 2937 haesitaverit

315 2973 357 3041 ob
392 2996 467 3041 earn
487 2995 641 3055 oausam,
673 2972 765 3062 quod
798 2976 959 3052 nesciret,
986 2974 1068 3063 qnid
1117 2981 1206 3041 esset
1235 2976 1428 3053 iracundia,

314 3080 475 3147 fervorne
491 3079 618 3145 mentis
633 3102 675 3145 an
692 3078 865 3167 cupiditas
877 3078 1043 3168 puniendi
1058 3079 1212 3147 doloris?
1230 3107 1299 3148 ...r
1320 3083 1432 3168 Addit,

315 3183 357 3251 ab
376 3186 451 3274 ipso
466 3185 663 3251 animorum
676 3191 780 3273 atque
795 3186 983 3252 affectuum
1008 3185 1291 3253 concitandorum
1318 3189 1432 3256 officio

315 3290 367 3375 (in
406 3312 475 3379 quo
513 3290 662 3357 maxime
690 3290 743 3355 vis
768 3289 914 3355 oratoris
948 3290 1104 3379 exsistat)
1136 3291 1428 3383 philosophorum

315 3398 490 3466 doctrinas
502 3396 697 3482 abhorrere,
717 3396 845 3485 quippe
866 3397 924 3485 qui
946 3427 958 3455 a
995 3397 1121 3485 partim
1141 3400 1284 3466 omnino
1314 3410 1432 3469 motus

314 3513 442 3595 negent
460 3506 632 3572 inanimis
645 3504 734 3571 ullos
748 3525 824 3570 esse
847 3502 983 3576 debere,
1001 3505 1132 3593 quique
1147 3528 1205 3573 eos
1225 3507 1259 3572 in
1272 3507 1431 3595 judicum

315 3611 491 3680 mentibus
509 3614 695 3693 concitent,
717 3610 829 3677 scelus
842 3610 1205 3682 eosnefariumfacere
1221 3614 1282 3703 (7),
1300 3654 1331 3661 -
1351 3638 1432 3704 par-

314 3720 378 3786 tim
397 3718 488 3809 (dl...
508 3717 763 3809 permediocres
776 3741 815 3785 ac
830 3720 947 3808 potius
967 3719 1061 3785 leves
1081 3728 1197 3789 motus
1220 3721 1430 3789 debereesse

346 3936 379 3998 (tt
393 3938 422 3983 94
438 3936 460 3998 (a
477 3935 585 3989 libellus
601 3956 611 3981 v
625 3936 824 3985 inscribebatur
838 3935 893 3985 «de
908 3936 1013 3984 ratione
1026 3934 1133 3984 dicendi
1145 3937 1177 3998 υ).

344 4008 378 4069 (2)
396 4006 508 4055 Antonii
521 4007 608 4055 verbis
621 4007 669 4069 (93)
691 4006 723 4055 de
737 4005 870 4055 industria
883 4007 993 4064 utimur,
1010 4018 1044 4055 ne
1067 4007 1126 4068 ejus
1144 4004 1308 4056 sententiam
1323 4006 1429 4055 mutare

313 4075 467 4126 videamur.

264 4165 266 4169 ·
346 4148 426 4211 tttDe
444 4148 487 4197 Or.
500 4150 521 4208 l,
537 4150 575 4199 81.
590 4147 627 4197 Cf.
642 4161 723 4211 supra
736 4161 762 4211 p.
775 4150 812 4197 12.

346 4221 380 4281 (4)
396 4220 538 4273 Antonius,
555 4223 593 4279 94,
607 4220 771 4277 -Crassus,
787 4219 871 4267 “rs-ta.

346 4291 379 4353 (5)
391 4290 433 4339 lta
446 4310 456 4333 ιι
474 4290 699 4353 philosophorum
717 4306 730 4337 n
745 4289 908 4338 sententiam
922 4288 1056 4335 Antonius
1070 4287 1161 4352 refert,
1174 4290 1228 4337 919.

345 4361 378 4423 (6)
389 4362 428 4410 De
443 4362 517 4410 Orat.
534 4362 554 4418 l,
569 4363 629 4420 tlt,
645 4361 678 4410 cl.
693 4361 775 4411 etiam
790 4362 843 4408 223.

347 4433 378 4494 (tt
394 4432 430 4480 Dc
446 4431 489 4481 Or.
505 4432 525 4489 l,
542 4434 596 4481 220.
613 4431 750 4490 Quatenus
767 4433 859 4479 autem
874 4428 929 4487 fiat,
945 4429 975 4477 ut
999 4429 1113 4477 orator«
1130 4431 1159 4480 in
1174 4425 1378 4479 commovendis
1391 4427 1431 4488 ju·

315 4501 419 4551 dicibns
429 4503 468 4552 eis
477 4503 543 4567 ipsis
554 4502 689 4560 sensibus,
701 4501 734 4550 ad
744 4515 812 4565 quos
828 4500 891 4549 illos
902 4498 1033 4547 adducere
1045 4500 1121 4559 velit,
1136 4502 1195 4566 ipse
1204 4499 1394 4564 permoveatur
1407 4516 1430 4556 a,

314 4576 341 4622 et
352 4574 501 4623 Antonium
522 4574 706 4637 disputantem
730 4573 820 4621 Cicero
838 4571 902 4620 facit
918 4570 965 4631 (De
977 4567 1021 4617 Or.
1036 4568 1068 4627 ll,
1083 4573 1130 4621 189
1151 4574 1219 4636 sqq.)
1233 4571 1260 4619 et
1285 4568 1341 4631 ipse
1357 4565 1390 4616 de
1403 4580 1431 4615 se

314 4644 416 4694 indicat
430 4645 484 4707 (Or.
503 4647 565 4706 132).

345 4716 379 4777 (St
395 4714 658 4765 Academiciscilicet
672 4709 1070 4779 etPeripatetici,quosGic0r0
1088 4715 1258 4777 conjungere
1273 4706 1350 4756 solet.
