3742 5167
754 574 930 640 ...35-

288 741 435 807 tationes
454 737 549 806 lento
565 761 729 829 processu
749 739 962 819 ascenderat,
981 740 1084 806 sicea
1100 740 1245 807 Romam
1267 750 1404 833 recepta

289 868 350 935 per
389 846 626 913 Romanorum
654 847 790 913 animos
807 846 988 937 'paulatim
1021 846 1207 913 influxerat
1234 871 1360 939 eosque
1385 872 1404 916 a

288 952 515 1043 respiciendis
537 980 552 1014 o
571 952 741 1041 majorum
764 981 779 1014 a
797 954 967 1043 exemplis
983 959 1017 1020 et
1031 952 1199 1020 institutis
1214 955 1257 1022 ad
1276 957 1407 1023 acutio-

287 1083 362 1129 rem
378 1066 643 1151 praeceptorum
664 1081 810 1126 suorum
830 1062 1000 1128 rationem
1017 1060 1190 1151 gradatim
1210 1061 1402 1130 educebat:

287 1169 439 1235 indicant
462 1168 604 1235 nomina
622 1167 798 1233 clarorum
820 1166 990 1251 virorum,
1014 1188 1102 1255 quos
1129 1166 1284 1233 Panaetii
1301 1166 1405 1233 audi-

286 1285 378 1344 tores
397 1282 432 1343 et
455 1275 646 1341 familiares
666 1274 775 1340 luisse
797 1280 940 1340 constat.
958 1274 1093 1359 ltaque,
1112 1274 1140 1339 si
1158 1274 1269 1363 ipsam
1288 1296 1404 1341 rerum

288 1390 321 1451 et
332 1382 583 1450 sententiarum
597 1382 669 1448 vim
687 1386 827 1470 propter
840 1402 875 1446 se
897 1380 1107 1461 considereS,
1125 1380 1222 1446 —ad
1240 1380 1404 1469 eloquen-

290 1489 373 1555 tiam
395 1487 570 1554 forensem
597 1487 653 1553 vel
677 1508 717 1552 ea
744 1486 926 1574 sapientia,
948 1508 1054 1575 quam
1070 1486 1188 1554 Cicero
1211 1489 1247 1553 in
1270 1494 1406 1555 oratore

288 1595 495 1688 requireret,
516 1590 752 1673 imbuendam,
774 1615 815 1659 eo
840 1592 982 1681 quidem
1003 1600 1173 1682 tempore,
1197 1616 1266 1683 quo
1289 1594 1405 1661 Cicero

289 1700 443 1781 florebat,
462 1700 609 1766 forsitan
624 1700 707 1766 satis
731 1706 820 1766 esset
837 1722 1022 1767 romanum
1045 1706 1218 1768 oratorem
1240 1724 1307 1767 non
1331 1724 1405 1767 esse

287 1809 321 1874 in
342 1807 594 1874 consuetudine
608 1807 762 1874 civitatis
779 1829 862 1874 suae
886 1835 900 1867 «
919 1808 1144 1896 peregrinum
1168 1815 1271 1895 atque
1289 1808 1405 1896 hospi-

288 1920 358 1981 tem
379 1932 417 1978 r:
441 1936 553 2002 neque
584 1935 665 1979 vero
688 1913 841 1979 Antonio
870 1914 918 1979 sic
939 1913 1134 2002 disputanti
1154 1915 1206 2002 (1)
1223 1914 1342 1980 Cicero
1370 1915 1405 1980 13

288 2022 361 2087 3313
378 2019 418 2086 de
433 2023 574 2085 Oratore
588 2018 689 2085 libris
704 2017 866 2086 Crassum
885 2042 988 2086 suum
1002 2020 1296 2088 contradicentem
1311 2022 1403 2103 lecit,

287 2128 355 2194 nisi
374 2129 466 2215 quod
486 2125 528 2192 ad
546 2152 561 2186 o
584 2126 676 2191 locos
698 2153 713 2185 »
732 2125 786 2193 vel
802 2148 820 2192 e
837 2125 952 2193 medio
968 2128 1151 2194 arcessitos
1167 2149 1242 2193 eum
1256 2128 1406 2215 praviter

288 2246 361 2300 tum
376 2232 507 2322 copiose
528 2232 724 2299 tractandos
740 2232 787 2321 (2)
806 2234 948 2322 propria
963 2233 1250 2300 Academicorum
1264 2235 1406 2322 Peripa-

289 2340 519 2407 teticorumve
534 2340 735 2406 exercitatio
759 2340 890 2428 optima
906 2339 1087 2407 educatrix
1102 2347 1202 2407 esset.
1222 2340 1289 2408 Sed
1308 2340 1351 2408 ab
1366 2364 1405 2408 33

289 2468 428 2513 summa
458 2444 597 2513 dicendi
629 2448 758 2513 virtute
794 2446 829 2512 in
861 2447 1045 2513 sententiis
1078 2448 1233 2513 universi
1268 2451 1404 2537 generis

291 2554 546 2635 3333311313-
570 2574 658 2641 quae
680 2575 748 2641 qua
773 2553 905 2619 ratione
926 2552 968 2618 ad
986 2552 1232 2642 philosophiae
1248 2554 1404 2621 studium

289 2660 492 2749 pertineret,
514 2682 532 2725 a
555 2658 719 2725 Cicerone
735 2660 810 2747 ipso
827 2659 1114 2742 admonebantur,
1132 2700 1175 2709 —
1191 2684 1282 2728 nunc
1307 2661 1405 2728 nobis
1471 2691 1476 2699 ·

288 2764 542 2832 transeundum
564 2772 614 2831 est
631 2763 672 2830 ad
689 2763 758 2830 alia
774 2769 818 2849 (et
839 2787 878 2831 ea
895 2765 1037 2854 quidem
1053 2767 1256 2854 minutiora)
1270 2768 1405 2835 dicendi

289 2879 504 2946 ornamenta,
538 2870 666 2960 quibus
708 2893 787 2937 cum
822 2875 941 2936 noster
974 2878 1090 2938 orator
1132 2878 1298 2954 uteretur,
1328 2882 1403 2940 tum

289 2978 438 3044 maxime
455 2980 488 3043 io
515 2978 732 3045 orationibus
754 2980 827 3045 suis
855 2978 1084 3067 significabat,
1108 3003 1144 3045 se
1165 2983 1405 3068 «exquisitius

288 3106 393 3174 quam
413 3084 541 3173 vulgus
563 3083 746 3151 hominum
763 3084 1005 3174 philosophiae
1025 3084 1202 3152 studuisse
1223 3086 1272 3174 (3)
1293 3112 1323 3151 3.

332 3192 446 3279 Atque
462 3197 500 3256 ut
522 3190 621 3279 plane
642 3190 869 3279 intelligatur,
894 3214 965 3281 qua
984 3191 1025 3259 de
1044 3214 1149 3258 causa
1182 3192 1267 3259 haec
1287 3215 1405 3259 rerum

289 3300 419 3385 species
444 3296 668 3386 -quamvis
695 3298 738 3375 ei,
757 3320 859 3385 quam
882 3297 1050 3364 hactenus
1076 3299 1314 3387 exposuimus
1331 3322 1406 3365 sae-

290 3406 367 3493 pius
386 3403 563 3493 implicata
582 3442 626 3452 -
652 3402 694 3469 ab
711 3426 749 3469 ea
776 3409 891 3470 tamen
915 3405 1068 3493 separari
1092 3404 1133 3470 ad
1159 3405 1406 3494 propriamque

289 3510 551 3598 explicationem
584 3510 754 3576 reservari
777 3515 811 3575 et
841 3511 992 3599 potuerit
1021 3516 1055 3577 et
1075 3510 1246 3595 debuerit,
1266 3517 1407 3577 utemur

289 3616 439 3706 exempli
456 3618 568 3707 gratia
587 3615 647 3683 illa
663 3601 819 3683 oratione
835 3639 903 3704 qua
919 3616 1049 3697 Cicero,
1068 3618 1141 3704 ipse
1156 3617 1295 3706 quidem
1313 3617 1407 3706 prior

289 3721 404 3791 verbis
429 3724 608 3790 lacessitus
629 3722 663 3788 iu
692 3728 814 3789 senatu
836 3723 897 3807 (l),
924 3724 960 3789 iu
990 3724 1026 3790 L,
1057 3724 1220 3789 Pisonem
1251 3724 1407 3790 invectus

290 3836 363 3897 est:
382 3832 441 3919 qui
467 3853 546 3897 cum
563 3832 598 3895 13
623 3828 804 3895 consulatu
825 3829 1013 3896 Gabinium
1043 3830 1211 3917 collegam
1228 3829 1408 3897 habuisset

290 3958 480 4025 eorumque
501 3935 849 4002 sceleratissimorum
867 3935 1094 4001 consiliorum
1120 3936 1267 4020 socium,
1281 3936 1407 4026 quibus

290 4041 407 4107 Cicero
444 4070 459 4102 o
488 4043 639 4107 cedere»
672 4041 859 4120 debuisset,
886 4042 1080 4108 -borum
1111 4049 1301 4130 utrumque
1326 4066 1407 4110 con-

287 4146 407 4237 juncte
425 4154 544 4215 noster
560 4146 881 4214 oratormaledictis
898 4149 1100 4232 insectatur,
1124 4148 1207 4215 dum
1243 4149 1307 4217 boc
1332 4172 1406 4217 ma·

321 4416 353 4475 (l)
366 4416 405 4464 De
422 4414 481 4473 Or..
498 4416 516 4475 1,
531 4417 575 4463 218
588 4428 661 4477 sqq.;
678 4416 757 4477 atque
772 4414 804 4471 ll,
820 4414 873 4463 131.
891 4440 920 4449 -
930 4414 961 4463 V.
976 4427 1055 4477 supra
1069 4414 1098 4463 in
1108 4416 1202 4465 nostra
1213 4416 1290 4464 Parte
1307 4416 1326 4464 1.

320 4488 354 4548 (2)
365 4486 402 4535 Cf.
417 4485 562 4543 1131113313,
579 4486 622 4541 lV,
636 4489 660 4544 5,
675 4485 722 4534 ubi
735 4506 746 4528 l
770 4484 862 4533 locum
876 4484 1006 4533 civilem»
1025 4499 1041 4534 a
1067 4484 1250 4549 Peripateticis
1268 4486 1407 4537 Academi·

289 4557 381 4620 cisque
397 4558 513 4619 praviter
528 4559 555 4605 et
567 4556 670 4619 copiose
687 4570 746 4606 esse
757 4557 904 4605 tractatum
917 4555 1023 4606 dicitur.

321 4628 354 4690 (3)
369 4626 407 4676 Gl.
425 4641 488 4689 eum
503 4627 753 4687 8131113221133313
767 4640 848 4688 quem
863 4640 945 4690 supra
961 4628 1112 4686 retulimus,
1128 4642 1153 4692 p.
1169 4630 1208 4676 61.

322 4698 354 4756 (tr
368 4698 447 4748 Anno
470 4700 516 4747 699
530 4700 570 4759 (55
586 4701 648 4746 3313
656 4698 738 4759 Chr),
749 4699 780 4747 ut
792 4696 910 4748 maxime
922 4698 1064 4761 probabile
1078 4699 1191 4749 videtur.
