<?xml version="1.0" encoding="UTF-8"?>
<!DOCTYPE html PUBLIC "-//W3C//DTD XHTML 1.0 Transitional//EN"
    "http://www.w3.org/TR/xhtml1/DTD/xhtml1-transitional.dtd">
<html xmlns="http://www.w3.org/1999/xhtml" xml:lang="en" lang="en">
 <head>
  <title>
</title>
<meta http-equiv="Content-Type" content="text/html;charset=utf-8" />
  <meta name='ocr-system' content='tesseract 3.04.00' />
  <meta name='ocr-capabilities' content='ocr_page ocr_carea ocr_par ocr_line ocrx_word'/>
</head>
<body>
  <div class='ocr_page' id='page_1' title='image "./quantumphilosop01liebgoog_0047.png"; bbox 0 0 3742 5167; ppageno 0'>
   <div class='ocr_carea' id='block_1_1' title="bbox 835 527 1009 615">
    <p class='ocr_par' dir='ltr' id='par_1_1' title="bbox 835 512 1009 615">
     <span class='ocr_line' id='line_1_1' title="bbox 835 527 1009 615; baseline 0 -23"><span class='ocrx_word' id='word_1_1' title='bbox 835 527 1009 615; x_wconf 34' lang='grc' dir='ltr'>-66-ἡ</span> 
     </span>
    </p>
   </div>
   <div class='ocr_carea' id='block_1_2' title="bbox 368 693 1491 3456">
    <p class='ocr_par' dir='ltr' id='par_1_2' title="bbox 368 693 1485 1535">
     <span class='ocr_line' id='line_1_2' title="bbox 369 693 1484 787; baseline 0.001 -23"><span class='ocrx_word' id='word_1_2' title='bbox 369 702 459 765; x_wconf 87' lang='lat' dir='ltr'>esset</span> <span class='ocrx_word' id='word_1_3' title='bbox 488 696 719 787; x_wconf 81' lang='lat' dir='ltr'>patrocinium</span> <span class='ocrx_word' id='word_1_4' title='bbox 748 693 925 785; x_wconf 82' lang='lat' dir='ltr'><strong>sophistae</strong></span> <span class='ocrx_word' id='word_1_5' title='bbox 957 700 1077 763; x_wconf 85' lang='lat' dir='ltr'>eontra</span> <span class='ocrx_word' id='word_1_6' title='bbox 1114 695 1296 763; x_wconf 90' lang='lat' dir='ltr'>Platonem</span> <span class='ocrx_word' id='word_1_7' title='bbox 1330 699 1484 787; x_wconf 86' lang='lat' dir='ltr'>apertius</span> 
     </span>
     <span class='ocr_line' id='line_1_3' title="bbox 368 801 1484 894; baseline 0 -23"><span class='ocrx_word' id='word_1_8' title='bbox 368 805 555 894; x_wconf 80' lang='lat' dir='ltr'>suscipere,</span> <span class='ocrx_word' id='word_1_9' title='bbox 575 802 736 870; x_wconf 85' lang='lat' dir='ltr'>Catulum</span> <span class='ocrx_word' id='word_1_10' title='bbox 766 801 830 868; x_wconf 89' lang='lat' dir='ltr'>hoc</span> <span class='ocrx_word' id='word_1_11' title='bbox 851 807 1127 892; x_wconf 86' lang='lat' dir='ltr'>temperamento</span> <span class='ocrx_word' id='word_1_12' title='bbox 1154 809 1310 871; x_wconf 91' lang='lat' dir='ltr'>utentem</span> <span class='ocrx_word' id='word_1_13' title='bbox 1330 806 1425 884; x_wconf 85' lang='lat' dir='ltr'>lecit,</span> <span class='ocrx_word' id='word_1_14' title='bbox 1446 810 1484 872; x_wconf 90' lang='lat' dir='ltr'>ut</span> 
     </span>
     <span class='ocr_line' id='line_1_4' title="bbox 369 908 1485 999; baseline 0.001 -23"><span class='ocrx_word' id='word_1_15' title='bbox 369 912 417 978; x_wconf 90' lang='lat' dir='ltr'>sic</span> <span class='ocrx_word' id='word_1_16' title='bbox 443 910 583 986; x_wconf 89' lang='lat' dir='ltr'>diceret,</span> <span class='ocrx_word' id='word_1_17' title='bbox 613 936 628 971; x_wconf 76' lang='grc' dir='ltr'><strong>κ</strong></span> <span class='ocrx_word' id='word_1_18' title='bbox 662 915 721 975; x_wconf 90' lang='lat' dir='ltr'>aut</span> <span class='ocrx_word' id='word_1_19' title='bbox 748 931 816 975; x_wconf 92' lang='lat' dir='ltr'>non</span> <span class='ocrx_word' id='word_1_20' title='bbox 833 908 965 976; x_wconf 91' lang='lat' dir='ltr'>victum</span> <span class='ocrx_word' id='word_1_21' title='bbox 985 932 1060 976; x_wconf 89' lang='lat' dir='ltr'>esse</span> <span class='ocrx_word' id='word_1_22' title='bbox 1088 932 1247 999; x_wconf 86' lang='lat' dir='ltr'>unquam</span> <span class='ocrx_word' id='word_1_23' title='bbox 1272 924 1441 978; x_wconf 84' lang='lat' dir='ltr'>oratorem</span> <span class='ocrx_word' id='word_1_24' title='bbox 1458 935 1485 977; x_wconf 89' lang='lat' dir='ltr'>a</span> 
     </span>
     <span class='ocr_line' id='line_1_5' title="bbox 370 1017 1483 1106; baseline 0.001 -21"><span class='ocrx_word' id='word_1_25' title='bbox 370 1018 522 1093; x_wconf 85' lang='lat' dir='ltr'>Socrate,</span> <span class='ocrx_word' id='word_1_26' title='bbox 541 1038 652 1106; x_wconf 90' lang='lat' dir='ltr'>neque</span> <span class='ocrx_word' id='word_1_27' title='bbox 666 1037 862 1083; x_wconf 91' lang='lat' dir='ltr'>sermonem</span> <span class='ocrx_word' id='word_1_28' title='bbox 874 1017 977 1084; x_wconf 91' lang='lat' dir='ltr'>illum</span> <span class='ocrx_word' id='word_1_29' title='bbox 992 1017 1147 1084; x_wconf 79' lang='lat' dir='ltr'>Platonis</span> <span class='ocrx_word' id='word_1_30' title='bbox 1164 1042 1285 1086; x_wconf 91' lang='lat' dir='ltr'>verum</span> <span class='ocrx_word' id='word_1_31' title='bbox 1301 1040 1394 1099; x_wconf 91' lang='lat' dir='ltr'>esse;</span> <span class='ocrx_word' id='word_1_32' title='bbox 1411 1027 1483 1095; x_wconf 82' lang='lat' dir='ltr'>aut,</span> 
     </span>
     <span class='ocr_line' id='line_1_6' title="bbox 370 1123 1484 1213; baseline 0.002 -22"><span class='ocrx_word' id='word_1_33' title='bbox 370 1126 399 1191; x_wconf 88' lang='lat' dir='ltr'>si</span> <span class='ocrx_word' id='word_1_34' title='bbox 418 1148 522 1193; x_wconf 91' lang='lat' dir='ltr'>verus</span> <span class='ocrx_word' id='word_1_35' title='bbox 534 1125 588 1203; x_wconf 92' lang='lat' dir='ltr'>sit,</span> <span class='ocrx_word' id='word_1_36' title='bbox 605 1124 882 1213; x_wconf 80' lang='lat' dir='ltr'>eloquentiorem</span> <span class='ocrx_word' id='word_1_37' title='bbox 903 1123 1061 1192; x_wconf 88' lang='lat' dir='ltr'>videlicet</span> <span class='ocrx_word' id='word_1_38' title='bbox 1076 1126 1186 1192; x_wconf 84' lang='lat' dir='ltr'>fuisse</span> <span class='ocrx_word' id='word_1_39' title='bbox 1206 1132 1237 1192; x_wconf 89' lang='lat' dir='ltr'>et</span> <span class='ocrx_word' id='word_1_40' title='bbox 1263 1125 1484 1193; x_wconf 90' lang='lat' dir='ltr'>disertiorem</span> 
     </span>
     <span class='ocr_line' id='line_1_7' title="bbox 371 1230 1484 1323; baseline 0 -24"><span class='ocrx_word' id='word_1_41' title='bbox 371 1232 560 1313; x_wconf 79' lang='lat' dir='ltr'>Socratem,</span> <span class='ocrx_word' id='word_1_42' title='bbox 582 1235 614 1297; x_wconf 93' lang='lat' dir='ltr'>et</span> <span class='ocrx_word' id='word_1_43' title='bbox 623 1230 838 1320; x_wconf 89' lang='lat' dir='ltr'>copiosorem</span> <span class='ocrx_word' id='word_1_44' title='bbox 855 1230 1096 1320; x_wconf 78' lang='lat' dir='ltr'>melioremque</span> <span class='ocrx_word' id='word_1_45' title='bbox 1112 1244 1278 1299; x_wconf 71' lang='lat' dir='ltr'>oratorem</span> <span class='ocrx_word' id='word_1_46' title='bbox 1294 1260 1309 1293; x_wconf 67' lang='lat' dir='ltr'>a</span> <span class='ocrx_word' id='word_1_47' title='bbox 1325 1232 1372 1323; x_wconf 96' lang='grc'>(1)</span> <span class='ocrx_word' id='word_1_48' title='bbox 1388 1256 1395 1315; x_wconf 86' lang='grc'>;</span> <span class='ocrx_word' id='word_1_49' title='bbox 1411 1232 1484 1314; x_wconf 84' lang='lat' dir='ltr'>sed,</span> 
     </span>
     <span class='ocr_line' id='line_1_8' title="bbox 369 1336 1484 1430; baseline 0.002 -25"><span class='ocrx_word' id='word_1_50' title='bbox 369 1340 430 1429; x_wconf 91' lang='lat' dir='ltr'>qui</span> <span class='ocrx_word' id='word_1_51' title='bbox 446 1345 614 1405; x_wconf 82' lang='lat' dir='ltr'>oratorem</span> <span class='ocrx_word' id='word_1_52' title='bbox 640 1338 688 1404; x_wconf 93' lang='lat' dir='ltr'>ita</span> <span class='ocrx_word' id='word_1_53' title='bbox 707 1336 881 1417; x_wconf 86' lang='lat' dir='ltr'>defendat,</span> <span class='ocrx_word' id='word_1_54' title='bbox 904 1360 984 1404; x_wconf 91' lang='lat' dir='ltr'>eum</span> <span class='ocrx_word' id='word_1_55' title='bbox 1019 1362 1039 1405; x_wconf 91' lang='lat' dir='ltr'>a</span> <span class='ocrx_word' id='word_1_56' title='bbox 1060 1340 1199 1406; x_wconf 86' lang='lat' dir='ltr'>Socrate</span> <span class='ocrx_word' id='word_1_57' title='bbox 1219 1339 1261 1406; x_wconf 93' lang='lat' dir='ltr'>ad</span> <span class='ocrx_word' id='word_1_58' title='bbox 1291 1339 1484 1430; x_wconf 89' lang='lat' dir='ltr'>sophistam</span> 
     </span>
     <span class='ocr_line' id='line_1_9' title="bbox 370 1442 1485 1535; baseline 0.002 -24"><span class='ocrx_word' id='word_1_59' title='bbox 370 1486 413 1495; x_wconf 91' lang='lat'><em>-</em></span> <span class='ocrx_word' id='word_1_60' title='bbox 433 1467 484 1521; x_wconf 89' lang='lat' dir='ltr'>re,</span> <span class='ocrx_word' id='word_1_61' title='bbox 504 1445 532 1510; x_wconf 91' lang='lat' dir='ltr'>si</span> <span class='ocrx_word' id='word_1_62' title='bbox 565 1466 634 1510; x_wconf 90' lang='lat' dir='ltr'>non</span> <span class='ocrx_word' id='word_1_63' title='bbox 654 1442 769 1511; x_wconf 88' lang='lat' dir='ltr'>verbis</span> <span class='ocrx_word' id='word_1_64' title='bbox 786 1483 828 1493; x_wconf 90' lang='lat'>—</span> <span class='ocrx_word' id='word_1_65' title='bbox 852 1442 1040 1511; x_wconf 89' lang='lat' dir='ltr'>descivisse</span> <span class='ocrx_word' id='word_1_66' title='bbox 1059 1445 1143 1512; x_wconf 91' lang='lat' dir='ltr'>satis</span> <span class='ocrx_word' id='word_1_67' title='bbox 1163 1447 1388 1535; x_wconf 90' lang='lat' dir='ltr'>perspicuum</span> <span class='ocrx_word' id='word_1_68' title='bbox 1422 1453 1485 1513; x_wconf 90' lang='lat' dir='ltr'>est.</span> 
     </span>
    </p>

    <p class='ocr_par' dir='ltr' id='par_1_3' title="bbox 370 1549 1491 3456">
     <span class='ocr_line' id='line_1_10' title="bbox 415 1549 1486 1641; baseline -0.002 -22"><span class='ocrx_word' id='word_1_69' title='bbox 415 1554 484 1619; x_wconf 89' lang='lat' dir='ltr'>Neo</span> <span class='ocrx_word' id='word_1_70' title='bbox 505 1572 585 1618; x_wconf 91' lang='lat' dir='ltr'>vero</span> <span class='ocrx_word' id='word_1_71' title='bbox 607 1550 695 1617; x_wconf 90' lang='lat' dir='ltr'>hanc</span> <span class='ocrx_word' id='word_1_72' title='bbox 723 1549 971 1639; x_wconf 81' lang='lat' dir='ltr'>sophistarum,</span> <span class='ocrx_word' id='word_1_73' title='bbox 1003 1574 1105 1639; x_wconf 85' lang='lat' dir='ltr'>quam</span> <span class='ocrx_word' id='word_1_74' title='bbox 1142 1574 1233 1618; x_wconf 91' lang='lat' dir='ltr'>nunc</span> <span class='ocrx_word' id='word_1_75' title='bbox 1259 1552 1486 1641; x_wconf 90' lang='lat' dir='ltr'>explicamus,</span> 
     </span>
     <span class='ocr_line' id='line_1_11' title="bbox 370 1647 1486 1741; baseline 0.004 -18"><span class='ocrx_word' id='word_1_76' title='bbox 370 1656 708 1724; x_wconf 82' lang='lat' dir='ltr'>commendationem</span> <span class='ocrx_word' id='word_1_77' title='bbox 720 1653 1050 1722; x_wconf 91' lang='lat' dir='ltr'>abillominuendae</span> <span class='ocrx_word' id='word_1_78' title='bbox 1061 1656 1252 1726; x_wconf 89' lang='lat' dir='ltr'>rhetoricae</span> <span class='ocrx_word' id='word_1_79' title='bbox 1261 1647 1344 1726; x_wconf 88' lang='lat' dir='ltr'>artis</span> <span class='ocrx_word' id='word_1_80' title='bbox 1360 1659 1486 1741; x_wconf 90' lang='lat' dir='ltr'>studio,</span> 
     </span>
     <span class='ocr_line' id='line_1_12' title="bbox 370 1759 1486 1853; baseline 0.002 -21"><span class='ocrx_word' id='word_1_81' title='bbox 370 1764 411 1832; x_wconf 93' lang='lat' dir='ltr'>de</span> <span class='ocrx_word' id='word_1_82' title='bbox 441 1785 509 1853; x_wconf 90' lang='lat' dir='ltr'>quo</span> <span class='ocrx_word' id='word_1_83' title='bbox 540 1760 642 1829; x_wconf 91' lang='lat' dir='ltr'>modo</span> <span class='ocrx_word' id='word_1_84' title='bbox 681 1759 845 1838; x_wconf 72' lang='lat' dir='ltr'>diximus</span> <span class='ocrx_word' id='word_1_85' title='bbox 884 1784 1078 1851; x_wconf 84' lang='lat' dir='ltr'>repugnare</span> <span class='ocrx_word' id='word_1_86' title='bbox 1116 1765 1385 1833; x_wconf 90' lang='lat' dir='ltr'>existimandum</span> <span class='ocrx_word' id='word_1_87' title='bbox 1423 1775 1486 1835; x_wconf 86' lang='lat' dir='ltr'>est.</span> 
     </span>
     <span class='ocr_line' id='line_1_13' title="bbox 371 1868 1489 1961; baseline 0.001 -22"><span class='ocrx_word' id='word_1_88' title='bbox 371 1871 538 1939; x_wconf 75' lang='lat' dir='ltr'>Allatulo</span> <span class='ocrx_word' id='word_1_89' title='bbox 554 1870 646 1936; x_wconf 88' lang='lat' dir='ltr'>enim</span> <span class='ocrx_word' id='word_1_90' title='bbox 663 1868 820 1957; x_wconf 77' lang='lat' dir='ltr'>Hippiae,</span> <span class='ocrx_word' id='word_1_91' title='bbox 845 1868 1023 1948; x_wconf 69' lang='lat' dir='ltr'>Prodicus</span> <span class='ocrx_word' id='word_1_92' title='bbox 1046 1870 1340 1961; x_wconf 86' lang='lat' dir='ltr'>Thrasymachus,</span> <span class='ocrx_word' id='word_1_93' title='bbox 1370 1874 1489 1941; x_wconf 91' lang='lat' dir='ltr'>Prota-</span> 
     </span>
     <span class='ocr_line' id='line_1_14' title="bbox 372 1976 1488 2069; baseline 0.001 -24"><span class='ocrx_word' id='word_1_94' title='bbox 372 2001 485 2069; x_wconf 81' lang='lat' dir='ltr'>goras,</span> <span class='ocrx_word' id='word_1_95' title='bbox 501 1976 660 2065; x_wconf 79' lang='lat' dir='ltr'>GorgiaS,</span> <span class='ocrx_word' id='word_1_96' title='bbox 675 1998 743 2041; x_wconf 93' lang='lat' dir='ltr'>non</span> <span class='ocrx_word' id='word_1_97' title='bbox 757 1982 923 2069; x_wconf 88' lang='lat' dir='ltr'>tanquam</span> <span class='ocrx_word' id='word_1_98' title='bbox 940 1998 1061 2043; x_wconf 92' lang='lat' dir='ltr'>eorum</span> <span class='ocrx_word' id='word_1_99' title='bbox 1077 1977 1212 2045; x_wconf 90' lang='lat' dir='ltr'>dicendi</span> <span class='ocrx_word' id='word_1_100' title='bbox 1224 1989 1488 2069; x_wconf 88' lang='lat' dir='ltr'>praeceptorum</span> 
     </span>
     <span class='ocr_line' id='line_1_15' title="bbox 372 2082 1489 2176; baseline 0.001 -23"><span class='ocrx_word' id='word_1_101' title='bbox 372 2086 645 2173; x_wconf 72' lang='lat' dir='ltr'>doctoresquae</span> <span class='ocrx_word' id='word_1_102' title='bbox 668 2082 727 2149; x_wconf 92' lang='lat' dir='ltr'>ille</span> <span class='ocrx_word' id='word_1_103' title='bbox 756 2082 789 2147; x_wconf 92' lang='lat' dir='ltr'>in</span> <span class='ocrx_word' id='word_1_104' title='bbox 829 2082 988 2150; x_wconf 92' lang='lat' dir='ltr'>Phaedro</span> <span class='ocrx_word' id='word_1_105' title='bbox 1022 2083 1180 2151; x_wconf 83' lang='lat' dir='ltr'>Socrates</span> <span class='ocrx_word' id='word_1_106' title='bbox 1203 2085 1258 2152; x_wconf 92' lang='lat' dir='ltr'>his</span> <span class='ocrx_word' id='word_1_107' title='bbox 1291 2087 1376 2176; x_wconf 90' lang='lat' dir='ltr'>ipsis</span> <span class='ocrx_word' id='word_1_108' title='bbox 1406 2089 1489 2154; x_wconf 91' lang='lat' dir='ltr'>viris</span> 
     </span>
     <span class='ocr_line' id='line_1_16' title="bbox 372 2188 1489 2281; baseline 0 -21"><span class='ocrx_word' id='word_1_109' title='bbox 372 2191 547 2260; x_wconf 86' lang='lat' dir='ltr'>irridendo</span> <span class='ocrx_word' id='word_1_110' title='bbox 561 2188 772 2268; x_wconf 86' lang='lat' dir='ltr'>attribuebat</span> <span class='ocrx_word' id='word_1_111' title='bbox 788 2189 845 2279; x_wconf 86' lang='grc'>(2),</span> <span class='ocrx_word' id='word_1_112' title='bbox 868 2190 926 2256; x_wconf 89' lang='lat' dir='ltr'>sed</span> <span class='ocrx_word' id='word_1_113' title='bbox 952 2196 1119 2279; x_wconf 88' lang='lat' dir='ltr'>tauquam</span> <span class='ocrx_word' id='word_1_114' title='bbox 1149 2192 1287 2281; x_wconf 89' lang='lat' dir='ltr'>copiose</span> <span class='ocrx_word' id='word_1_115' title='bbox 1310 2198 1344 2260; x_wconf 89' lang='lat' dir='ltr'>et</span> <span class='ocrx_word' id='word_1_116' title='bbox 1369 2201 1489 2261; x_wconf 90' lang='lat' dir='ltr'>ornate</span> 
     </span>
     <span class='ocr_line' id='line_1_17' title="bbox 373 2296 1487 2389; baseline 0.003 -23"><span class='ocrx_word' id='word_1_117' title='bbox 373 2320 592 2389; x_wconf 88' lang='lat' dir='ltr'>quacumque</span> <span class='ocrx_word' id='word_1_118' title='bbox 631 2296 671 2363; x_wconf 94' lang='lat' dir='ltr'>de</span> <span class='ocrx_word' id='word_1_119' title='bbox 699 2320 735 2363; x_wconf 89' lang='lat' dir='ltr'>rc</span> <span class='ocrx_word' id='word_1_120' title='bbox 764 2296 899 2363; x_wconf 84' lang='lat' dir='ltr'>dicendi</span> <span class='ocrx_word' id='word_1_121' title='bbox 936 2296 1049 2364; x_wconf 85' lang='lat' dir='ltr'>eidem</span> <span class='ocrx_word' id='word_1_122' title='bbox 1077 2304 1235 2365; x_wconf 89' lang='lat' dir='ltr'>auctores</span> <span class='ocrx_word' id='word_1_123' title='bbox 1262 2307 1294 2367; x_wconf 88' lang='lat' dir='ltr'>et</span> <span class='ocrx_word' id='word_1_124' title='bbox 1324 2301 1487 2382; x_wconf 76' lang='lat' dir='ltr'>artifioeS,</span> 
     </span>
     <span class='ocr_line' id='line_1_18' title="bbox 373 2390 1488 2496; baseline 0.003 -25"><span class='ocrx_word' id='word_1_125' title='bbox 373 2406 519 2495; x_wconf 88' lang='lat' dir='ltr'>spectari</span> <span class='ocrx_word' id='word_1_126' title='bbox 544 2409 578 2481; x_wconf 88' lang='lat' dir='ltr'>et</span> <span class='ocrx_word' id='word_1_127' title='bbox 596 2402 731 2471; x_wconf 91' lang='lat' dir='ltr'>laudari</span> <span class='ocrx_word' id='word_1_128' title='bbox 748 2390 911 2471; x_wconf 81' lang='lat' dir='ltr'>videntur</span> <span class='ocrx_word' id='word_1_129' title='bbox 938 2427 945 2473; x_wconf 89' lang='lat'>:</span> <span class='ocrx_word' id='word_1_130' title='bbox 968 2404 1058 2471; x_wconf 89' lang='lat' dir='ltr'>sicut</span> <span class='ocrx_word' id='word_1_131' title='bbox 1082 2404 1227 2472; x_wconf 85' lang='lat' dir='ltr'>Crassus</span> <span class='ocrx_word' id='word_1_132' title='bbox 1252 2406 1349 2473; x_wconf 92' lang='lat' dir='ltr'>illam</span> <span class='ocrx_word' id='word_1_133' title='bbox 1377 2408 1488 2496; x_wconf 90' lang='lat' dir='ltr'>ipsam</span> 
     </span>
     <span class='ocr_line' id='line_1_19' title="bbox 373 2508 1489 2603; baseline 0.004 -26"><span class='ocrx_word' id='word_1_134' title='bbox 373 2512 658 2601; x_wconf 84' lang='lat' dir='ltr'>disputationem,</span> <span class='ocrx_word' id='word_1_135' title='bbox 681 2508 739 2575; x_wconf 89' lang='lat' dir='ltr'>ubi</span> <span class='ocrx_word' id='word_1_136' title='bbox 758 2532 856 2575; x_wconf 89' lang='lat' dir='ltr'>suam</span> <span class='ocrx_word' id='word_1_137' title='bbox 881 2537 896 2570; x_wconf 89' lang='lat'>«</span> <span class='ocrx_word' id='word_1_138' title='bbox 928 2511 1090 2601; x_wconf 90' lang='lat' dir='ltr'>ancipitis</span> <span class='ocrx_word' id='word_1_139' title='bbox 1114 2512 1263 2580; x_wconf 83' lang='lat' dir='ltr'>faciendi</span> <span class='ocrx_word' id='word_1_140' title='bbox 1282 2513 1489 2603; x_wconf 89' lang='lat' dir='ltr'>dicendique</span> 
     </span>
     <span class='ocr_line' id='line_1_20' title="bbox 373 2616 1489 2713; baseline 0.003 -29"><span class='ocrx_word' id='word_1_141' title='bbox 373 2618 565 2708; x_wconf 86' lang='lat' dir='ltr'>sapientiae</span> <span class='ocrx_word' id='word_1_142' title='bbox 588 2645 601 2677; x_wconf 77' lang='grc'>6</span> <span class='ocrx_word' id='word_1_143' title='bbox 620 2616 853 2683; x_wconf 88' lang='lat' dir='ltr'>laudationem</span> <span class='ocrx_word' id='word_1_144' title='bbox 871 2638 932 2706; x_wconf 87' lang='lat' dir='ltr'>per</span> <span class='ocrx_word' id='word_1_145' title='bbox 949 2616 1113 2707; x_wconf 84' lang='lat' dir='ltr'>Gorgiam</span> <span class='ocrx_word' id='word_1_146' title='bbox 1134 2627 1168 2685; x_wconf 86' lang='lat' dir='ltr'>et</span> <span class='ocrx_word' id='word_1_147' title='bbox 1186 2619 1489 2713; x_wconf 86' lang='lat' dir='ltr'>Thrasymachum</span> 
     </span>
     <span class='ocr_line' id='line_1_21' title="bbox 373 2723 1491 2817; baseline 0.002 -25"><span class='ocrx_word' id='word_1_148' title='bbox 373 2726 604 2815; x_wconf 87' lang='lat' dir='ltr'>persequitur,</span> <span class='ocrx_word' id='word_1_149' title='bbox 626 2727 668 2791; x_wconf 92' lang='lat' dir='ltr'>ad</span> <span class='ocrx_word' id='word_1_150' title='bbox 684 2723 871 2813; x_wconf 90' lang='lat' dir='ltr'>quamdam</span> <span class='ocrx_word' id='word_1_151' title='bbox 893 2726 1146 2792; x_wconf 89' lang='lat' dir='ltr'>rhetoricorum</span> <span class='ocrx_word' id='word_1_152' title='bbox 1168 2727 1272 2793; x_wconf 88' lang='lat' dir='ltr'>etiarn</span> <span class='ocrx_word' id='word_1_153' title='bbox 1293 2735 1491 2817; x_wconf 91' lang='lat' dir='ltr'>praecepto-</span> 
     </span>
     <span class='ocr_line' id='line_1_22' title="bbox 376 2831 1487 2924; baseline 0.005 -26"><span class='ocrx_word' id='word_1_154' title='bbox 376 2856 453 2899; x_wconf 88' lang='lat' dir='ltr'>rum</span> <span class='ocrx_word' id='word_1_155' title='bbox 484 2832 681 2898; x_wconf 90' lang='lat' dir='ltr'>irrisionem</span> <span class='ocrx_word' id='word_1_156' title='bbox 707 2853 767 2919; x_wconf 90' lang='lat' dir='ltr'>per</span> <span class='ocrx_word' id='word_1_157' title='bbox 792 2831 937 2897; x_wconf 89' lang='lat' dir='ltr'>Coraces</span> <span class='ocrx_word' id='word_1_158' title='bbox 968 2832 1240 2921; x_wconf 88' lang='lat' dir='ltr'>Pamphilosque</span> <span class='ocrx_word' id='word_1_159' title='bbox 1266 2833 1436 2923; x_wconf 89' lang='lat' dir='ltr'>deducit(</span> <span class='ocrx_word' id='word_1_160' title='bbox 1463 2840 1487 2924; x_wconf 89' lang='lat'>).</span> 
     </span>
     <span class='ocr_line' id='line_1_23' title="bbox 374 2937 1488 3029; baseline 0 -24"><span class='ocrx_word' id='word_1_161' title='bbox 374 2940 430 3005; x_wconf 82' lang='lat' dir='ltr'>Sic</span> <span class='ocrx_word' id='word_1_162' title='bbox 446 2940 539 3006; x_wconf 89' lang='lat' dir='ltr'>enim</span> <span class='ocrx_word' id='word_1_163' title='bbox 555 2937 596 3005; x_wconf 92' lang='lat' dir='ltr'>de</span> <span class='ocrx_word' id='word_1_164' title='bbox 613 2959 750 3003; x_wconf 91' lang='lat' dir='ltr'>summa</span> <span class='ocrx_word' id='word_1_165' title='bbox 766 2939 951 3017; x_wconf 89' lang='lat' dir='ltr'>rationum,</span> <span class='ocrx_word' id='word_1_166' title='bbox 965 2960 1051 3025; x_wconf 85' lang='lat' dir='ltr'>quas</span> <span class='ocrx_word' id='word_1_167' title='bbox 1069 2937 1234 3005; x_wconf 90' lang='lat' dir='ltr'>hactenus</span> <span class='ocrx_word' id='word_1_168' title='bbox 1250 2941 1488 3029; x_wconf 85' lang='lat' dir='ltr'>exposuimus,</span> 
     </span>
     <span class='ocr_line' id='line_1_24' title="bbox 370 3042 1488 3137; baseline -0.001 -24"><span class='ocrx_word' id='word_1_169' title='bbox 370 3046 527 3137; x_wconf 88' lang='lat' dir='ltr'>judicare</span> <span class='ocrx_word' id='word_1_170' title='bbox 558 3046 638 3112; x_wconf 89' lang='lat' dir='ltr'>licet</span> <span class='ocrx_word' id='word_1_171' title='bbox 666 3068 672 3114; x_wconf 94' lang='lat'>:</span> <span class='ocrx_word' id='word_1_172' title='bbox 706 3043 919 3124; x_wconf 87' lang='lat' dir='ltr'>Ciceronem,</span> <span class='ocrx_word' id='word_1_173' title='bbox 954 3042 1036 3110; x_wconf 89' lang='lat' dir='ltr'>dum</span> <span class='ocrx_word' id='word_1_174' title='bbox 1068 3043 1330 3135; x_wconf 91' lang='lat' dir='ltr'>philosophiam</span> <span class='ocrx_word' id='word_1_175' title='bbox 1361 3048 1488 3114; x_wconf 89' lang='lat' dir='ltr'>oratori</span> 
     </span>
     <span class='ocr_line' id='line_1_25' title="bbox 374 3150 1490 3243; baseline 0 -23"><span class='ocrx_word' id='word_1_176' title='bbox 374 3152 542 3243; x_wconf 85' lang='lat' dir='ltr'>adjungit,</span> <span class='ocrx_word' id='word_1_177' title='bbox 583 3152 619 3217; x_wconf 93' lang='lat' dir='ltr'>in</span> <span class='ocrx_word' id='word_1_178' title='bbox 650 3150 871 3239; x_wconf 84' lang='lat' dir='ltr'>despicienda</span> <span class='ocrx_word' id='word_1_179' title='bbox 896 3150 1047 3239; x_wconf 89' lang='lat' dir='ltr'>quodam</span> <span class='ocrx_word' id='word_1_180' title='bbox 1073 3150 1176 3217; x_wconf 90' lang='lat' dir='ltr'>modo</span> <span class='ocrx_word' id='word_1_181' title='bbox 1209 3151 1379 3217; x_wconf 80' lang='lat' dir='ltr'>rhetorum</span> <span class='ocrx_word' id='word_1_182' title='bbox 1417 3159 1490 3220; x_wconf 90' lang='lat' dir='ltr'>arte</span> 
     </span>
     <span class='ocr_line' id='line_1_26' title="bbox 373 3242 1491 3340; baseline -0.002 -13"><span class='ocrx_word' id='word_1_183' title='bbox 373 3282 452 3327; x_wconf 88' lang='lat' dir='ltr'>cum</span> <span class='ocrx_word' id='word_1_184' title='bbox 475 3260 617 3326; x_wconf 88' lang='lat' dir='ltr'>Platone</span> <span class='ocrx_word' id='word_1_185' title='bbox 633 3265 775 3325; x_wconf 91' lang='lat' dir='ltr'>eatenus</span> <span class='ocrx_word' id='word_1_186' title='bbox 796 3259 1003 3340; x_wconf 88' lang='lat' dir='ltr'>consentire,</span> <span class='ocrx_word' id='word_1_187' title='bbox 1026 3263 1116 3325; x_wconf 90' lang='lat' dir='ltr'>utne</span> <span class='ocrx_word' id='word_1_188' title='bbox 1138 3270 1250 3323; x_wconf 80' lang='lat' dir='ltr'>orator</span> <span class='ocrx_word' id='word_1_189' title='bbox 1269 3258 1390 3325; x_wconf 91' lang='lat' dir='ltr'>eodem</span> <span class='ocrx_word' id='word_1_190' title='bbox 1411 3242 1491 3325; x_wconf 88' lang='lat' dir='ltr'>con-</span> 
     </span>
     <span class='ocr_line' id='line_1_27' title="bbox 373 3364 1490 3456; baseline -0.002 -21"><span class='ocrx_word' id='word_1_191' title='bbox 373 3372 508 3456; x_wconf 90' lang='lat' dir='ltr'>temptu</span> <span class='ocrx_word' id='word_1_192' title='bbox 522 3366 837 3455; x_wconf 87' lang='lat' dir='ltr'>comprehendatur</span> <span class='ocrx_word' id='word_1_193' title='bbox 852 3391 861 3449; x_wconf 68' lang='grc'>,</span> <span class='ocrx_word' id='word_1_194' title='bbox 879 3387 1028 3455; x_wconf 89' lang='lat' dir='ltr'>eumque</span> <span class='ocrx_word' id='word_1_195' title='bbox 1044 3365 1084 3430; x_wconf 94' lang='lat' dir='ltr'>ad</span> <span class='ocrx_word' id='word_1_196' title='bbox 1102 3378 1271 3432; x_wconf 78' lang='lat' dir='ltr'>oratorem</span> <span class='ocrx_word' id='word_1_197' title='bbox 1293 3389 1311 3432; x_wconf 90' lang='lat' dir='ltr'>a</span> <span class='ocrx_word' id='word_1_198' title='bbox 1335 3364 1490 3454; x_wconf 89' lang='lat' dir='ltr'>philoso-</span> 
     </span>
    </p>
   </div>
   <div class='ocr_carea' id='block_1_3' title="bbox 373 3608 1493 4747">
    <p class='ocr_par' dir='ltr' id='par_1_4' title="bbox 373 3608 1492 4461">
     <span class='ocr_line' id='line_1_28' title="bbox 374 3608 1490 3679; baseline -0.009 -12"><span class='ocrx_word' id='word_1_199' title='bbox 374 3618 443 3667; x_wconf 89' lang='lat' dir='ltr'>Nam</span> <span class='ocrx_word' id='word_1_200' title='bbox 452 3614 523 3679; x_wconf 87' lang='lat' dir='ltr'>quod</span> <span class='ocrx_word' id='word_1_201' title='bbox 540 3614 651 3664; x_wconf 84' lang='lat' dir='ltr'>Crassus</span> <span class='ocrx_word' id='word_1_202' title='bbox 668 3613 697 3662; x_wconf 90' lang='lat' dir='ltr'>in</span> <span class='ocrx_word' id='word_1_203' title='bbox 711 3612 801 3662; x_wconf 91' lang='lat' dir='ltr'>librol</span> <span class='ocrx_word' id='word_1_204' title='bbox 818 3610 939 3675; x_wconf 92' lang='grc'>(102-103)</span> <span class='ocrx_word' id='word_1_205' title='bbox 962 3624 1056 3659; x_wconf 89' lang='lat' dir='ltr'>eorum</span> <span class='ocrx_word' id='word_1_206' title='bbox 1068 3610 1206 3658; x_wconf 89' lang='lat' dir='ltr'>hominem</span> <span class='ocrx_word' id='word_1_207' title='bbox 1220 3608 1420 3671; x_wconf 92' lang='lat' dir='ltr'>impudentiam</span> <span class='ocrx_word' id='word_1_208' title='bbox 1434 3610 1490 3658; x_wconf 90' lang='lat' dir='ltr'>irri-</span> 
     </span>
     <span class='ocr_line' id='line_1_29' title="bbox 374 3680 1491 3751; baseline -0.007 -13"><span class='ocrx_word' id='word_1_209' title='bbox 374 3688 428 3740; x_wconf 84' lang='lat' dir='ltr'>det.</span> <span class='ocrx_word' id='word_1_210' title='bbox 443 3688 487 3751; x_wconf 79' lang='lat' dir='ltr'>qui</span> <span class='ocrx_word' id='word_1_211' title='bbox 504 3687 531 3735; x_wconf 92' lang='lat' dir='ltr'>in</span> <span class='ocrx_word' id='word_1_212' title='bbox 548 3688 684 3735; x_wconf 89' lang='lat' dir='ltr'>conventu</span> <span class='ocrx_word' id='word_1_213' title='bbox 699 3698 727 3733; x_wconf 90' lang='lat' dir='ltr'>se</span> <span class='ocrx_word' id='word_1_214' title='bbox 745 3683 777 3733; x_wconf 88' lang='lat' dir='ltr'>ad</span> <span class='ocrx_word' id='word_1_215' title='bbox 797 3683 896 3739; x_wconf 89' lang='lat' dir='ltr'>omnia,</span> <span class='ocrx_word' id='word_1_216' title='bbox 915 3681 947 3731; x_wconf 89' lang='lat' dir='ltr'>de</span> <span class='ocrx_word' id='word_1_217' title='bbox 967 3681 1066 3743; x_wconf 77' lang='lat' dir='ltr'>quihus</span> <span class='ocrx_word' id='word_1_218' title='bbox 1082 3682 1196 3743; x_wconf 79' lang='lat' dir='ltr'>quisque</span> <span class='ocrx_word' id='word_1_219' title='bbox 1216 3681 1308 3729; x_wconf 91' lang='lat' dir='ltr'>audire</span> <span class='ocrx_word' id='word_1_220' title='bbox 1327 3680 1417 3739; x_wconf 86' lang='lat' dir='ltr'>vellet,</span> <span class='ocrx_word' id='word_1_221' title='bbox 1431 3695 1491 3730; x_wconf 87' lang='lat' dir='ltr'>esse</span> 
     </span>
     <span class='ocr_line' id='line_1_30' title="bbox 373 3751 1492 3824; baseline -0.009 -15"><span class='ocrx_word' id='word_1_222' title='bbox 373 3762 483 3824; x_wconf 90' lang='lat' dir='ltr'>paratos</span> <span class='ocrx_word' id='word_1_223' title='bbox 499 3758 689 3807; x_wconf 88' lang='lat' dir='ltr'>denuntiarent</span> <span class='ocrx_word' id='word_1_224' title='bbox 711 3754 792 3818; x_wconf 87' lang='lat' dir='ltr'>(quod</span> <span class='ocrx_word' id='word_1_225' title='bbox 805 3754 914 3817; x_wconf 88' lang='lat' dir='ltr'>quidem</span> <span class='ocrx_word' id='word_1_226' title='bbox 934 3754 1053 3816; x_wconf 89' lang='lat' dir='ltr'>primum</span> <span class='ocrx_word' id='word_1_227' title='bbox 1068 3751 1164 3801; x_wconf 81' lang='lat' dir='ltr'>recisse</span> <span class='ocrx_word' id='word_1_228' title='bbox 1180 3752 1297 3814; x_wconf 83' lang='lat' dir='ltr'>Gorgian</span> <span class='ocrx_word' id='word_1_229' title='bbox 1317 3754 1375 3815; x_wconf 86' lang='lat' dir='ltr'>ipse</span> <span class='ocrx_word' id='word_1_230' title='bbox 1389 3751 1492 3800; x_wconf 86' lang='lat' dir='ltr'>indicat</span> 
     </span>
     <span class='ocr_line' id='line_1_31' title="bbox 375 3822 1492 3889; baseline -0.007 -10"><span class='ocrx_word' id='word_1_231' title='bbox 375 3833 412 3879; x_wconf 85' lang='lat' dir='ltr'>De</span> <span class='ocrx_word' id='word_1_232' title='bbox 429 3831 473 3880; x_wconf 85' lang='lat' dir='ltr'>Or.</span> <span class='ocrx_word' id='word_1_233' title='bbox 486 3830 570 3889; x_wconf 80' lang='lat'>1,103,</span> <span class='ocrx_word' id='word_1_234' title='bbox 592 3857 611 3863; x_wconf 85' lang='grc'>-</span> <span class='ocrx_word' id='word_1_235' title='bbox 625 3828 658 3877; x_wconf 88' lang='grc'>61.</span> <span class='ocrx_word' id='word_1_236' title='bbox 669 3829 701 3875; x_wconf 85' lang='lat' dir='ltr'>de</span> <span class='ocrx_word' id='word_1_237' title='bbox 713 3826 800 3875; x_wconf 78' lang='lat' dir='ltr'>Ftrzib.</span> <span class='ocrx_word' id='word_1_238' title='bbox 815 3826 879 3887; x_wconf 93' lang='grc'>11,1)</span> <span class='ocrx_word' id='word_1_239' title='bbox 905 3852 933 3859; x_wconf 83' lang='grc'>-</span> <span class='ocrx_word' id='word_1_240' title='bbox 945 3838 976 3872; x_wconf 90' lang='lat' dir='ltr'>ea</span> <span class='ocrx_word' id='word_1_241' title='bbox 988 3823 1148 3886; x_wconf 88' lang='lat' dir='ltr'>vituperatio</span> <span class='ocrx_word' id='word_1_242' title='bbox 1162 3822 1196 3870; x_wconf 90' lang='lat' dir='ltr'>ad</span> <span class='ocrx_word' id='word_1_243' title='bbox 1207 3824 1388 3886; x_wconf 84' lang='lat' dir='ltr'>arrogantiam</span> <span class='ocrx_word' id='word_1_244' title='bbox 1399 3822 1492 3871; x_wconf 88' lang='lat' dir='ltr'>omnia</span> 
     </span>
     <span class='ocr_line' id='line_1_32' title="bbox 374 3893 1490 3963; baseline -0.01 -11"><span class='ocrx_word' id='word_1_245' title='bbox 374 3902 476 3952; x_wconf 81' lang='lat' dir='ltr'>sciendi</span> <span class='ocrx_word' id='word_1_246' title='bbox 484 3899 674 3950; x_wconf 85' lang='lat' dir='ltr'>tantummodo</span> <span class='ocrx_word' id='word_1_247' title='bbox 684 3900 819 3963; x_wconf 89' lang='lat' dir='ltr'>pertinere</span> <span class='ocrx_word' id='word_1_248' title='bbox 829 3896 935 3945; x_wconf 90' lang='lat' dir='ltr'>videtur</span> <span class='ocrx_word' id='word_1_249' title='bbox 944 3909 1035 3957; x_wconf 76' lang='grc'>(6116111</span> <span class='ocrx_word' id='word_1_250' title='bbox 1045 3894 1078 3943; x_wconf 90' lang='lat' dir='ltr'>oh</span> <span class='ocrx_word' id='word_1_251' title='bbox 1087 3894 1176 3957; x_wconf 88' lang='lat' dir='ltr'>ipsam</span> <span class='ocrx_word' id='word_1_252' title='bbox 1192 3908 1303 3943; x_wconf 88' lang='lat' dir='ltr'>eausam</span> <span class='ocrx_word' id='word_1_253' title='bbox 1314 3895 1370 3957; x_wconf 91' lang='lat' dir='ltr'>ipse</span> <span class='ocrx_word' id='word_1_254' title='bbox 1381 3893 1490 3942; x_wconf 88' lang='lat' dir='ltr'>Catulus</span> 
     </span>
     <span class='ocr_line' id='line_1_33' title="bbox 375 3965 1490 4038; baseline -0.009 -15"><span class='ocrx_word' id='word_1_255' title='bbox 375 3975 489 4038; x_wconf 89' lang='lat' dir='ltr'>Hippian</span> <span class='ocrx_word' id='word_1_256' title='bbox 506 3993 517 4018; x_wconf 73' lang='grc' dir='ltr'>ιι</span> <span class='ocrx_word' id='word_1_257' title='bbox 536 3972 618 4021; x_wconf 83' lang='grc'>11111116</span> <span class='ocrx_word' id='word_1_258' title='bbox 633 3982 807 4035; x_wconf 83' lang='lat' dir='ltr'>progressum</span> <span class='ocrx_word' id='word_1_259' title='bbox 820 3982 879 4018; x_wconf 90' lang='lat' dir='ltr'>esse</span> <span class='ocrx_word' id='word_1_260' title='bbox 895 3986 906 4012; x_wconf 73' lang='lat' dir='ltr'>a</span> <span class='ocrx_word' id='word_1_261' title='bbox 931 3967 1038 4025; x_wconf 89' lang='lat' dir='ltr'>latetur,</span> <span class='ocrx_word' id='word_1_262' title='bbox 1054 3967 1100 4021; x_wconf 87' lang='grc'>111,</span> <span class='ocrx_word' id='word_1_263' title='bbox 1117 3967 1189 4026; x_wconf 87' lang='grc'>128);</span> <span class='ocrx_word' id='word_1_264' title='bbox 1209 3965 1267 4028; x_wconf 90' lang='lat' dir='ltr'>ipse</span> <span class='ocrx_word' id='word_1_265' title='bbox 1289 3969 1362 4015; x_wconf 82' lang='lat' dir='ltr'>enim</span> <span class='ocrx_word' id='word_1_266' title='bbox 1377 3966 1490 4014; x_wconf 85' lang='lat' dir='ltr'>Crassus</span> 
     </span>
     <span class='ocr_line' id='line_1_34' title="bbox 374 4035 1491 4109; baseline -0.01 -15"><span class='ocrx_word' id='word_1_267' title='bbox 374 4045 573 4109; x_wconf 86' lang='lat' dir='ltr'>professionem</span> <span class='ocrx_word' id='word_1_268' title='bbox 595 4042 627 4092; x_wconf 91' lang='lat' dir='ltr'>de</span> <span class='ocrx_word' id='word_1_269' title='bbox 644 4043 719 4091; x_wconf 91' lang='lat' dir='ltr'>omni</span> <span class='ocrx_word' id='word_1_270' title='bbox 736 4056 763 4090; x_wconf 91' lang='lat' dir='ltr'>re</span> <span class='ocrx_word' id='word_1_271' title='bbox 780 4041 888 4088; x_wconf 81' lang='lat' dir='ltr'>dicendi</span> <span class='ocrx_word' id='word_1_272' title='bbox 900 4038 1001 4088; x_wconf 89' lang='lat' dir='ltr'>oratori</span> <span class='ocrx_word' id='word_1_273' title='bbox 1015 4038 1054 4086; x_wconf 86' lang='lat' dir='ltr'>ita</span> <span class='ocrx_word' id='word_1_274' title='bbox 1065 4035 1221 4093; x_wconf 88' lang='lat' dir='ltr'>vindicavit,</span> <span class='ocrx_word' id='word_1_275' title='bbox 1233 4036 1256 4084; x_wconf 93' lang='lat' dir='ltr'>si</span> <span class='ocrx_word' id='word_1_276' title='bbox 1272 4037 1345 4100; x_wconf 92' lang='lat' dir='ltr'>prius</span> <span class='ocrx_word' id='word_1_277' title='bbox 1364 4056 1374 4078; x_wconf 76' lang='grc' dir='ltr'>α</span> <span class='ocrx_word' id='word_1_278' title='bbox 1389 4050 1491 4099; x_wconf 83' lang='lat' dir='ltr'>cogno·</span> 
     </span>
     <span class='ocr_line' id='line_1_35' title="bbox 374 4107 1490 4178; baseline -0.009 -14"><span class='ocrx_word' id='word_1_279' title='bbox 374 4118 450 4175; x_wconf 89' lang='lat' dir='ltr'>verit,</span> <span class='ocrx_word' id='word_1_280' title='bbox 470 4116 503 4165; x_wconf 85' lang='lat' dir='ltr'>ab</span> <span class='ocrx_word' id='word_1_281' title='bbox 517 4116 554 4164; x_wconf 88' lang='lat' dir='ltr'>eis</span> <span class='ocrx_word' id='word_1_282' title='bbox 572 4115 618 4178; x_wconf 85' lang='lat' dir='ltr'>qui</span> <span class='ocrx_word' id='word_1_283' title='bbox 632 4116 734 4170; x_wconf 87' lang='lat' dir='ltr'>tenent,</span> <span class='ocrx_word' id='word_1_284' title='bbox 750 4126 818 4174; x_wconf 82' lang='lat' dir='ltr'>quae</span> <span class='ocrx_word' id='word_1_285' title='bbox 835 4113 890 4159; x_wconf 88' lang='lat' dir='ltr'>sint</span> <span class='ocrx_word' id='word_1_286' title='bbox 912 4112 1065 4172; x_wconf 75' lang='lat' dir='ltr'>ianuaque</span> <span class='ocrx_word' id='word_1_287' title='bbox 1084 4122 1112 4156; x_wconf 87' lang='lat' dir='ltr'>re</span> <span class='ocrx_word' id='word_1_288' title='bbox 1126 4127 1137 4150; x_wconf 90' lang='lat'>»</span> <span class='ocrx_word' id='word_1_289' title='bbox 1154 4125 1159 4166; x_wconf 92' lang='grc'><strong>;</strong></span> <span class='ocrx_word' id='word_1_290' title='bbox 1178 4122 1231 4170; x_wconf 85' lang='lat' dir='ltr'>qua</span> <span class='ocrx_word' id='word_1_291' title='bbox 1245 4107 1356 4169; x_wconf 86' lang='lat' dir='ltr'>accepta</span> <span class='ocrx_word' id='word_1_292' title='bbox 1377 4108 1490 4155; x_wconf 80' lang='lat' dir='ltr'>seientia</span> 
     </span>
     <span class='ocr_line' id='line_1_36' title="bbox 375 4178 1491 4246; baseline -0.01 -9"><span class='ocrx_word' id='word_1_293' title='bbox 375 4190 509 4237; x_wconf 89' lang='lat' dir='ltr'>oratorem</span> <span class='ocrx_word' id='word_1_294' title='bbox 533 4186 620 4235; x_wconf 87' lang='lat' dir='ltr'>multo</span> <span class='ocrx_word' id='word_1_295' title='bbox 647 4184 754 4243; x_wconf 82' lang='grc'>11161166,</span> <span class='ocrx_word' id='word_1_296' title='bbox 772 4196 855 4245; x_wconf 86' lang='lat' dir='ltr'>quam</span> <span class='ocrx_word' id='word_1_297' title='bbox 878 4182 970 4245; x_wconf 91' lang='lat' dir='ltr'>ipsum</span> <span class='ocrx_word' id='word_1_298' title='bbox 998 4180 1225 4246; x_wconf 26' lang='lat' dir='ltr'>reilinventorem</span> <span class='ocrx_word' id='word_1_299' title='bbox 1252 4181 1333 4241; x_wconf 84' lang='lat' dir='ltr'>atquo</span> <span class='ocrx_word' id='word_1_300' title='bbox 1361 4178 1491 4227; x_wconf 88' lang='lat' dir='ltr'>artificem</span> 
     </span>
     <span class='ocr_line' id='line_1_37' title="bbox 376 4248 1490 4314; baseline -0.011 -8"><span class='ocrx_word' id='word_1_301' title='bbox 376 4257 407 4307; x_wconf 90' lang='lat' dir='ltr'>de</span> <span class='ocrx_word' id='word_1_302' title='bbox 421 4271 491 4306; x_wconf 82' lang='lat' dir='ltr'>aare</span> <span class='ocrx_word' id='word_1_303' title='bbox 507 4270 565 4305; x_wconf 88' lang='lat' dir='ltr'>csse</span> <span class='ocrx_word' id='word_1_304' title='bbox 580 4256 715 4304; x_wconf 85' lang='lat' dir='ltr'>dicturum</span> <span class='ocrx_word' id='word_1_305' title='bbox 728 4255 775 4314; x_wconf 81' lang='grc'>(116</span> <span class='ocrx_word' id='word_1_306' title='bbox 793 4253 835 4301; x_wconf 83' lang='lat' dir='ltr'>Or.</span> <span class='ocrx_word' id='word_1_307' title='bbox 852 4254 872 4302; x_wconf 89' lang='lat' dir='ltr'>l.</span> <span class='ocrx_word' id='word_1_308' title='bbox 889 4254 926 4310; x_wconf 88' lang='grc'>61,</span> <span class='ocrx_word' id='word_1_309' title='bbox 941 4254 978 4309; x_wconf 87' lang='grc'>50,</span> <span class='ocrx_word' id='word_1_310' title='bbox 993 4253 1036 4310; x_wconf 68' lang='grc'>51,</span> <span class='ocrx_word' id='word_1_311' title='bbox 1050 4251 1133 4310; x_wconf 81' lang='grc'>61-62,</span> <span class='ocrx_word' id='word_1_312' title='bbox 1150 4251 1236 4308; x_wconf 79' lang='grc'>61-65,</span> <span class='ocrx_word' id='word_1_313' title='bbox 1249 4251 1320 4297; x_wconf 88' lang='grc'>66-61</span> <span class='ocrx_word' id='word_1_314' title='bbox 1336 4248 1426 4308; x_wconf 87' lang='grc'>;-61.</span> <span class='ocrx_word' id='word_1_315' title='bbox 1442 4249 1490 4299; x_wconf 90' lang='lat' dir='ltr'>lib.</span> 
     </span>
     <span class='ocr_line' id='line_1_38' title="bbox 376 4320 1492 4392; baseline -0.008 -14"><span class='ocrx_word' id='word_1_316' title='bbox 376 4330 408 4389; x_wconf 92' lang='lat'>11,</span> <span class='ocrx_word' id='word_1_317' title='bbox 423 4332 475 4392; x_wconf 86' lang='grc'>31);</span> <span class='ocrx_word' id='word_1_318' title='bbox 491 4328 563 4375; x_wconf 91' lang='lat' dir='ltr'>-in</span> <span class='ocrx_word' id='word_1_319' title='bbox 579 4341 631 4391; x_wconf 85' lang='lat' dir='ltr'>quo</span> <span class='ocrx_word' id='word_1_320' title='bbox 645 4327 762 4377; x_wconf 86' lang='lat' dir='ltr'>maxime</span> <span class='ocrx_word' id='word_1_321' title='bbox 778 4324 929 4374; x_wconf 88' lang='lat' dir='ltr'>consentire</span> <span class='ocrx_word' id='word_1_322' title='bbox 954 4322 1060 4372; x_wconf 87' lang='lat' dir='ltr'>videtur</span> <span class='ocrx_word' id='word_1_323' title='bbox 1075 4335 1137 4371; x_wconf 92' lang='lat' dir='ltr'>cum</span> <span class='ocrx_word' id='word_1_324' title='bbox 1150 4320 1249 4384; x_wconf 85' lang='lat' dir='ltr'>Gorgia</span> <span class='ocrx_word' id='word_1_325' title='bbox 1262 4321 1334 4384; x_wconf 89' lang='lat' dir='ltr'>apud</span> <span class='ocrx_word' id='word_1_326' title='bbox 1351 4321 1492 4370; x_wconf 84' lang='lat' dir='ltr'>Platonem</span> 
     </span>
     <span class='ocr_line' id='line_1_39' title="bbox 375 4394 1025 4461; baseline -0.011 -12"><span class='ocrx_word' id='word_1_327' title='bbox 375 4400 485 4450; x_wconf 89' lang='lat' dir='ltr'>inducto</span> <span class='ocrx_word' id='word_1_328' title='bbox 502 4400 602 4461; x_wconf 67' lang='lat' dir='ltr'>(dorp,</span> <span class='ocrx_word' id='word_1_329' title='bbox 615 4401 659 4447; x_wconf 86' lang='grc'>156</span> <span class='ocrx_word' id='word_1_330' title='bbox 674 4397 801 4457; x_wconf 56' lang='grc'>(115111,</span> <span class='ocrx_word' id='word_1_331' title='bbox 817 4398 861 4445; x_wconf 86' lang='grc'>458</span> <span class='ocrx_word' id='word_1_332' title='bbox 877 4396 907 4455; x_wconf 89' lang='grc' dir='ltr'>Ε,</span> <span class='ocrx_word' id='word_1_333' title='bbox 923 4397 969 4443; x_wconf 83' lang='grc'>450</span> <span class='ocrx_word' id='word_1_334' title='bbox 984 4394 1025 4456; x_wconf 84' lang='grc' dir='ltr'>Α).</span> 
     </span>
    </p>

    <p class='ocr_par' dir='ltr' id='par_1_5' title="bbox 408 4470 683 4535">
     <span class='ocr_line' id='line_1_40' title="bbox 408 4470 683 4535; baseline -0.004 -15"><span class='ocrx_word' id='word_1_335' title='bbox 408 4472 439 4535; x_wconf 86' lang='grc'>(1)</span> <span class='ocrx_word' id='word_1_336' title='bbox 453 4474 491 4520; x_wconf 88' lang='lat' dir='ltr'>De</span> <span class='ocrx_word' id='word_1_337' title='bbox 508 4471 550 4519; x_wconf 83' lang='lat' dir='ltr'>Or.</span> <span class='ocrx_word' id='word_1_338' title='bbox 568 4470 612 4529; x_wconf 93' lang='grc'>111,</span> <span class='ocrx_word' id='word_1_339' title='bbox 630 4471 683 4519; x_wconf 87' lang='grc'>120.</span> 
     </span>
    </p>

    <p class='ocr_par' dir='ltr' id='par_1_6' title="bbox 376 4534 1493 4675">
     <span class='ocr_line' id='line_1_41' title="bbox 408 4534 1493 4605; baseline -0.007 -14"><span class='ocrx_word' id='word_1_340' title='bbox 408 4544 440 4605; x_wconf 81' lang='grc'>(2)</span> <span class='ocrx_word' id='word_1_341' title='bbox 457 4541 492 4591; x_wconf 81' lang='grc'>01.</span> <span class='ocrx_word' id='word_1_342' title='bbox 510 4540 627 4590; x_wconf 70' lang='grc'>1116661.</span> <span class='ocrx_word' id='word_1_343' title='bbox 641 4544 686 4591; x_wconf 88' lang='grc'>261</span> <span class='ocrx_word' id='word_1_344' title='bbox 707 4538 817 4603; x_wconf 84' lang='lat' dir='ltr'>(quode</span> <span class='ocrx_word' id='word_1_345' title='bbox 835 4538 894 4588; x_wconf 89' lang='grc'>1666</span> <span class='ocrx_word' id='word_1_346' title='bbox 906 4538 965 4601; x_wconf 90' lang='lat' dir='ltr'>jam</span> <span class='ocrx_word' id='word_1_347' title='bbox 993 4550 1076 4600; x_wconf 90' lang='lat' dir='ltr'>supra</span> <span class='ocrx_word' id='word_1_348' title='bbox 1098 4534 1236 4598; x_wconf 79' lang='lat' dir='ltr'>diximus).</span> <span class='ocrx_word' id='word_1_349' title='bbox 1253 4561 1283 4572; x_wconf 94' lang='lat'><em>-</em></span> <span class='ocrx_word' id='word_1_350' title='bbox 1298 4536 1336 4585; x_wconf 87' lang='lat' dir='ltr'>Ea</span> <span class='ocrx_word' id='word_1_351' title='bbox 1350 4537 1493 4598; x_wconf 86' lang='lat' dir='ltr'>praecepta</span> 
     </span>
     <span class='ocr_line' id='line_1_42' title="bbox 376 4607 1491 4675; baseline -0.009 -12"><span class='ocrx_word' id='word_1_352' title='bbox 376 4629 409 4665; x_wconf 90' lang='lat' dir='ltr'>ne</span> <span class='ocrx_word' id='word_1_353' title='bbox 423 4616 672 4663; x_wconf 89' lang='lat' dir='ltr'>commemorantur</span> <span class='ocrx_word' id='word_1_354' title='bbox 687 4613 795 4675; x_wconf 86' lang='lat' dir='ltr'>quidem</span> <span class='ocrx_word' id='word_1_355' title='bbox 811 4624 826 4659; x_wconf 90' lang='grc'>6</span> <span class='ocrx_word' id='word_1_356' title='bbox 840 4609 934 4659; x_wconf 87' lang='lat' dir='ltr'>Catulo</span> <span class='ocrx_word' id='word_1_357' title='bbox 946 4610 974 4657; x_wconf 90' lang='lat' dir='ltr'>in</span> <span class='ocrx_word' id='word_1_358' title='bbox 985 4607 1164 4657; x_wconf 86' lang='lat' dir='ltr'>suaeratione</span> <span class='ocrx_word' id='word_1_359' title='bbox 1181 4607 1227 4668; x_wconf 85' lang='lat' dir='ltr'>(De</span> <span class='ocrx_word' id='word_1_360' title='bbox 1242 4607 1395 4666; x_wconf 82' lang='grc'>01·.111,126</span> <span class='ocrx_word' id='word_1_361' title='bbox 1411 4607 1491 4669; x_wconf 64' lang='lat' dir='ltr'>squ).</span> 
     </span>
    </p>

    <p class='ocr_par' dir='ltr' id='par_1_7' title="bbox 408 4683 729 4747">
     <span class='ocr_line' id='line_1_43' title="bbox 408 4683 729 4747; baseline 0 -13"><span class='ocrx_word' id='word_1_362' title='bbox 408 4686 440 4747; x_wconf 89' lang='grc'>(3)</span> <span class='ocrx_word' id='word_1_363' title='bbox 455 4684 493 4733; x_wconf 82' lang='lat' dir='ltr'>Cf.</span> <span class='ocrx_word' id='word_1_364' title='bbox 509 4685 546 4733; x_wconf 87' lang='lat' dir='ltr'>De</span> <span class='ocrx_word' id='word_1_365' title='bbox 563 4683 609 4732; x_wconf 86' lang='lat' dir='ltr'>Or.</span> <span class='ocrx_word' id='word_1_366' title='bbox 630 4683 674 4741; x_wconf 91' lang='grc'>111,</span> <span class='ocrx_word' id='word_1_367' title='bbox 691 4686 729 4734; x_wconf 90' lang='grc'>81.</span> 
     </span>
    </p>
   </div>
   <div class='ocr_carea' id='block_1_4' title="bbox 0 0 1887 5167">
    <p class='ocr_par' dir='ltr' id='par_1_8' title="bbox 0 0 1887 5167">
     <span class='ocr_line' id='line_1_44' title="bbox 0 0 1887 5167; baseline 0 0"><span class='ocrx_word' id='word_1_368' title='bbox 0 0 1887 5167; x_wconf 95' lang='lat' dir='ltr'> </span> 
     </span>
    </p>
   </div>
  </div>
 </body>
</html>
