3742 5167
730 548 901 612 ,Π-

264 727 332 803 tur,
344 718 591 810 cognoscendis
601 717 647 806 (l)
661 745 675 779 i
690 716 967 807 protulisset(2)‚
984 756 1009 767 -
1020 715 1113 783 idem
1126 716 1163 782 in
1178 738 1219 785 ea
1234 715 1378 785 secundi

263 828 343 895 libri
360 833 468 917 parte,
489 825 549 892 ubi
569 847 604 891 se
624 846 795 914 exponere
823 823 1017 913 profitetur,
1042 851 1057 883 (ι
1075 821 1202 912 quibus
1227 845 1268 890 ex
1293 822 1379 890 locis

263 934 385 1003 adeas
411 938 479 1001 tres
506 954 573 1015 res,
602 952 689 1020 quae
715 929 757 998 ad
779 929 882 997 fidem
904 930 1098 997 faciendam
1122 929 1379 1013 solaevaleant‚

265 1040 412 1109 ducatur
426 1039 549 1123 oratio,
572 1043 664 1105 utet
686 1038 917 1104 concilientur
943 1036 1051 1103 animi
1078 1041 1111 1103 et
1136 1036 1323 1103 doceantur
1346 1042 1380 1103 et

266 1153 472 1216 moveantur
486 1148 538 1233 (3)
556 1175 585 1225 »,
604 1143 798 1223 adducitur,
816 1150 854 1211 ut
874 1143 916 1212 de
931 1144 1066 1211 naturis
1081 1141 1265 1210 hominum
1281 1145 1380 1210 affec·

266 1254 430 1343 libusque
457 1253 631 1321 disserat:
666 1257 699 1319 et
735 1252 890 1342 quidem,
923 1280 939 1314 «
973 1251 1100 1341 quibus
1134 1250 1239 1318 rebus
1272 1250 1381 1317 animi

268 1360 453 1428 hominum
474 1368 728 1443 moveantur»,
764 1382 784 1426 a
811 1388 827 1421 α
859 1360 963 1449 longa
994 1360 1064 1428 vita
1093 1380 1228 1448 usuque
1263 1379 1381 1425 rerum

269 1469 501 1535 maximarum
529 1496 544 1529 υ
575 1474 692 1536 tenere
716 1490 751 1535 se
779 1468 828 1534 ait
854 1468 927 1554 (l);
954 1467 1012 1535 sed
1033 1465 1127 1533 idem
1156 1466 1256 1532 iniis
1278 1464 1382 1533 rebus
1429 1513 1434 1521 -

269 1574 481 1663 exponendis
498 1572 545 1663 (5)
563 1597 598 1641 se
618 1573 816 1642 Aristotelis
838 1596 977 1663 quoque
1004 1573 1215 1662 discipulum
1240 1596 1316 1639 esse
1330 1572 1382 1656 (6)

272 1682 355 1748 satis
387 1679 550 1761 ostendit,
592 1720 623 1733 -
663 1682 722 1771 qui
757 1679 985 1770 philosophus
1015 1682 1150 1770 primus
1182 1680 1383 1770 exemplum

271 1786 412 1855 dederat
433 1788 467 1853 in
490 1814 505 1849 «
533 1785 714 1854 rhetoricis
733 1786 833 1853 libris
859 1814 874 1848 »
896 1809 936 1854 ea
954 1787 1126 1870 tradendi,
1144 1812 1232 1879 quae
1248 1788 1291 1855 ad
1311 1811 1384 1856 ora-

271 1903 387 1965 torum
420 1919 522 1963 usum
552 1918 569 1962 e
604 1893 847 1983 philosophiae
875 1892 1030 1961 lontibus
1063 1894 1381 1984 depromerentur:

270 2024 358 2093 quae
374 2023 454 2069 cum
470 2000 644 2067 Antonius
664 1999 792 2065 oratori
811 2005 893 2067 nota
908 2022 984 2067 esse
996 2000 1091 2087 velit,
1107 2003 1171 2069 hoc
1183 2002 1258 2089 ipso
1275 2001 1385 2091 philo·

270 2109 411 2198 sophiae
438 2104 694 2197 cognoscendae
709 2104 863 2171 fructum
888 2106 1040 2195 aliquem
1063 2129 1137 2175 esse
1156 2108 1325 2198 agnoscit,
1344 2148 1382 2159 -

271 2217 400 2305 quippe
422 2237 482 2305 per
507 2235 611 2303 quam
636 2234 686 2298 ea,
707 2234 794 2301 quae
818 2218 854 2279 ut
877 2213 1091 2281 Antoniusa
1112 2215 1313 2304 longousu,
1336 2214 1386 2281 sic

271 2322 330 2389 alii
344 2321 432 2388 forte
445 2319 487 2388 ab
501 2321 577 2409 ipsa
588 2325 712 2385 natura
725 2317 771 2408 (7)
784 2320 867 2385 satis
878 2320 1069 2402 tenuerint,
1087 2322 1219 2389 ratione
1230 2320 1387 2388 adhibita

273 2428 399 2495 melius
435 2433 526 2495 certe
560 2426 711 2516 perspici
740 2431 774 2492 et
799 2426 1048 2516 comprehendi
1077 2434 1111 2495 et
1140 2427 1277 2495 tractari
1308 2449 1387 2517 pns-

274 2535 354 2601 sint.

197 2728 200 2736 ¹
318 2642 366 2707 De
395 2641 504 2707 altera
536 2662 619 2707 veru
650 2640 793 2721 ratione,
824 2662 930 2728 quam
960 2641 1104 2708 Crassus
1132 2642 1168 2707 in
1199 2640 1388 2708 tractandis

273 2746 445 2836 ejusmodi
470 2746 554 2814 locis
579 2745 738 2835 ponebat,
759 2767 844 2834 quos
862 2745 1061 2836 philosophi
1082 2746 1259 2816 traderent
1278 2749 1388 2835 (velut

275 2881 290 2913 «
318 2852 359 2919 de
375 2854 426 2918 dis
442 2850 715 2929 immortalibus
740 2851 781 2917 de
806 2853 945 2940 pietate,
963 2852 1005 2919 de
1026 2854 1220 2932 concordia,
1239 2854 1280 2922 de
1300 2855 1386 2921 ami·

273 2960 365 3041 cilia,
383 2959 423 3025 de
454 2958 632 3024 communi
662 2957 820 3045 gentium
844 2957 935 3045 jure,
958 2959 999 3026 de
1020 2962 1205 3050 aequitate,
1233 2961 1274 3029 de
1300 2969 1389 3029 tem-

275 3065 454 3155 perantia,
492 3063 534 3130 de
574 3062 816 3150 magnitudine
859 3066 999 3146 animi,
1030 3064 1070 3131 de
1114 3068 1210 3134 omni
1250 3069 1389 3135 virtutis

273 3193 400 3261 genere
418 3175 448 3257 »l
459 3169 519 3261 (8),
536 3206 573 3217 -
594 3167 637 3235 ab
649 3170 801 3235 Antonio
815 3170 916 3236 etiam
928 3172 1222 3241 insecundolibro
1237 3197 1276 3241 ea
1292 3175 1390 3243 audi-

273 3300 362 3358 mus,
385 3298 473 3366 quac
489 3276 528 3343 ad
560 3298 637 3343 eam
659 3276 743 3341 satis
763 3284 842 3365 apte
865 3278 1039 3365 pertinere
1061 3278 1224 3347 videntur
1244 3282 1310 3367 (9),
1330 3280 1389 3348 scd

275 3384 432 3452 eamdem
449 3380 632 3451 maxime'a
650 3384 773 3451 Crasso
795 3385 872 3474 ipso
888 3386 921 3451 in
940 3387 1042 3452 tertio
1062 3384 1148 3453 libro
1176 3388 1276 3476 quasi
1291 3382 1391 3455 ¹nora

275 3489 340 3557 sub
364 3492 477 3580 specie
504 3496 725 3559 retractatam
750 3492 1068 3581 amplificatamque
1095 3494 1387 3582 recognoscimus.

276 3599 466 3688 Postquam
486 3600 591 3681 enim,
607 3638 650 3647 -
664 3599 805 3688 iisquae
823 3599 864 3667 ad
884 3601 1120 3668 inventionem
1142 3598 1232 3666 etad
1251 3627 1267 3660 «
1285 3598 1391 3666 collo-

177 3736 179 3739 ·
276 3703 1392 3798 nationem»rerumaltinentabAntoniopersecundumlibrum

277 3812 456 3900 expositis,
480 3850 519 3861 -
545 3810 587 3877 ad
603 3811 846 3899 explicandam
867 3813 1075 3881 elocutionis
1094 3815 1165 3882 vim
1187 3820 1392 3903 perventum

311 4049 342 4111 (1)
361 4049 402 4098 lta
413 4048 534 4113 loquitur
546 4049 676 4099 Scaevola
690 4049 778 4098 Crassi
793 4049 959 4099 sententiam
976 4048 1104 4108 referens,
1117 4049 1137 4108 1,
1154 4051 1207 4098 165.

311 4120 343 4181 (2)
360 4120 379 4177 Ι,
389 4122 429 4178 48,
440 4122 479 4178 53,
495 4122 532 4169 60.
545 4148 574 4155 -
587 4119 625 4169 af.
640 4122 678 4178 8²1,
695 4121 724 4169 in
739 4120 905 4170 Charmadas
921 4120 1116 4184 disputatione.

311 4191 343 4252 (3)
357 4189 393 4238 uf.
411 4191 445 4250 ll,
461 4193 514 4240 121.
930 4211 933 4215 ·

312 4260 387 4322 titel
410 4260 508 4319 naor.

309 4334 343 4391 (51
359 4333 526 4392 Praesertim,
542 4334 575 4391 ll,
592 4336 645 4395 205,
665 4348 724 4397 sqq.

311 4402 342 4465 (6)
359 4404 427 4485 Eum
441 4402 550 4465 quidem
565 4404 655 4455 Cicero
682 4406 746 4455 lacit
762 4405 895 4455 latentem
921 4407 963 4469 (ΙΙ,
984 4406 1100 4467 rsa-153)
1117 4406 1181 4469 quid
1195 4404 1229 4454 ab
1248 4402 1394 4455 Aristotele

282 4478 434 4663 aelcielptlfiidd
450 4559 466 4594 a
480 4544 629 4663 Chqrmada
643 4547 681 4597 ita
693 4546 863 4611 disputatum
872 4548 963 4598 Cicero
980 4548 1108 4610 iaciebat,
1124 4549 1144 4607 1,
1160 4550 1200 4598 90.

309 4614 343 4749 lii
358 4616 614 4746 gradidiinlsdd'et
624 4689 669 4738 iss
684 4688 744 4751 (un.
759 4690 802 4752 n).
