<?xml version="1.0" encoding="UTF-8"?>
<!DOCTYPE html PUBLIC "-//W3C//DTD XHTML 1.0 Transitional//EN"
    "http://www.w3.org/TR/xhtml1/DTD/xhtml1-transitional.dtd">
<html xmlns="http://www.w3.org/1999/xhtml" xml:lang="en" lang="en">
 <head>
  <title>
</title>
<meta http-equiv="Content-Type" content="text/html;charset=utf-8" />
  <meta name='ocr-system' content='tesseract 3.04.00' />
  <meta name='ocr-capabilities' content='ocr_page ocr_carea ocr_par ocr_line ocrx_word'/>
</head>
<body>
  <div class='ocr_page' id='page_1' title='image "./quantumphilosop01liebgoog_0071.png"; bbox 0 0 3742 5167; ppageno 0'>
   <div class='ocr_carea' id='block_1_1' title="bbox 1520 1059 1955 1145">
    <p class='ocr_par' dir='ltr' id='par_1_1' title="bbox 1520 1059 1955 1145">
     <span class='ocr_line' id='line_1_1' title="bbox 1520 1059 1955 1145; baseline 0 -2"><span class='ocrx_word' id='word_1_1' title='bbox 1520 1059 1806 1145; x_wconf 90' lang='lat' dir='ltr'><strong>PARS</strong></span> <span class='ocrx_word' id='word_1_2' title='bbox 1878 1063 1955 1144; x_wconf 91' lang='lat' dir='ltr'>Il</span> 
     </span>
    </p>
   </div>
   <div class='ocr_carea' id='block_1_2' title="bbox 625 1266 2852 1459">
    <p class='ocr_par' dir='ltr' id='par_1_2' title="bbox 625 1266 2852 1459">
     <span class='ocr_line' id='line_1_2' title="bbox 625 1266 2852 1351; baseline -0.003 -8"><span class='ocrx_word' id='word_1_3' title='bbox 625 1268 957 1343; x_wconf 90' lang='lat' dir='ltr'>Quomodo</span> <span class='ocrx_word' id='word_1_4' title='bbox 979 1269 1056 1337; x_wconf 89' lang='grc' dir='ltr'>Μ.</span> <span class='ocrx_word' id='word_1_5' title='bbox 1096 1268 1345 1335; x_wconf 94' lang='lat' dir='ltr'>Tullius</span> <span class='ocrx_word' id='word_1_6' title='bbox 1376 1284 1570 1334; x_wconf 93' lang='lat' dir='ltr'>suum</span> <span class='ocrx_word' id='word_1_7' title='bbox 1608 1266 2061 1351; x_wconf 81' lang='lat' dir='ltr'>philosophiae</span> <span class='ocrx_word' id='word_1_8' title='bbox 2088 1267 2375 1335; x_wconf 86' lang='lat' dir='ltr'>studium</span> <span class='ocrx_word' id='word_1_9' title='bbox 2404 1267 2487 1335; x_wconf 99' lang='lat' dir='ltr'>ad</span> <span class='ocrx_word' id='word_1_10' title='bbox 2518 1268 2852 1337; x_wconf 79' lang='lat' dir='ltr'>forensem</span> 
     </span>
     <span class='ocr_line' id='line_1_3' title="bbox 1031 1373 2441 1459; baseline 0 -17"><span class='ocrx_word' id='word_1_11' title='bbox 1031 1373 1473 1459; x_wconf 81' lang='lat' dir='ltr'>eloquentiam</span> <span class='ocrx_word' id='word_1_12' title='bbox 1513 1391 1597 1443; x_wconf 84' lang='lat' dir='ltr'>ex</span> <span class='ocrx_word' id='word_1_13' title='bbox 1645 1373 2001 1441; x_wconf 89' lang='lat' dir='ltr'>ercendam</span> <span class='ocrx_word' id='word_1_14' title='bbox 2050 1374 2441 1444; x_wconf 81' lang='lat' dir='ltr'>adhibuerit.</span> 
     </span>
    </p>
   </div>
   <div class='ocr_carea' id='block_1_3' title="bbox 1581 1568 1851 1581">
    <p class='ocr_par' dir='ltr' id='par_1_3' title="bbox 1581 1568 1851 1581">
     <span class='ocr_line' id='line_1_4' title="bbox 1581 1568 1851 1581; baseline 0 0"><span class='ocrx_word' id='word_1_15' title='bbox 1581 1568 1851 1581; x_wconf 95' lang='lat' dir='ltr'> </span> 
     </span>
    </p>
   </div>
   <div class='ocr_carea' id='block_1_4' title="bbox 1544 1830 1919 1899">
    <p class='ocr_par' dir='ltr' id='par_1_4' title="bbox 1544 1830 1919 1899">
     <span class='ocr_line' id='line_1_5' title="bbox 1544 1830 1919 1899; baseline -0.005 0"><span class='ocrx_word' id='word_1_16' title='bbox 1544 1830 1840 1899; x_wconf 87' lang='lat' dir='ltr'><strong>CAPUT</strong></span> <span class='ocrx_word' id='word_1_17' title='bbox 1887 1830 1919 1897; x_wconf 97' lang='lat' dir='ltr'>I</span> 
     </span>
    </p>
   </div>
   <div class='ocr_carea' id='block_1_5' title="bbox 625 2016 2855 2323">
    <p class='ocr_par' dir='ltr' id='par_1_5' title="bbox 625 2016 2855 2323">
     <span class='ocr_line' id='line_1_6' title="bbox 625 2016 2852 2109; baseline 0.002 -26"><span class='ocrx_word' id='word_1_18' title='bbox 625 2016 972 2099; x_wconf 84' lang='lat' dir='ltr'>Quomodo</span> <span class='ocrx_word' id='word_1_19' title='bbox 1034 2038 1229 2083; x_wconf 82' lang='lat' dir='ltr'>suam</span> <span class='ocrx_word' id='word_1_20' title='bbox 1280 2016 1615 2083; x_wconf 82' lang='lat' dir='ltr'>rationem</span> <span class='ocrx_word' id='word_1_21' title='bbox 1696 2016 1778 2084; x_wconf 84' lang='lat' dir='ltr'>de</span> <span class='ocrx_word' id='word_1_22' title='bbox 1829 2018 2269 2109; x_wconf 71' lang='lat' dir='ltr'>philosophia</span> <span class='ocrx_word' id='word_1_23' title='bbox 2338 2027 2430 2089; x_wconf 85' lang='lat' dir='ltr'>ad</span> <span class='ocrx_word' id='word_1_24' title='bbox 2482 2021 2852 2089; x_wconf 84' lang='lat' dir='ltr'>oratorium</span> 
     </span>
     <span class='ocr_line' id='line_1_7' title="bbox 708 2122 2855 2217; baseline 0.002 -27"><span class='ocrx_word' id='word_1_25' title='bbox 708 2146 906 2191; x_wconf 82' lang='lat' dir='ltr'>usum</span> <span class='ocrx_word' id='word_1_26' title='bbox 928 2122 1391 2213; x_wconf 73' lang='lat' dir='ltr'>coquoscenda</span> <span class='ocrx_word' id='word_1_27' title='bbox 1425 2126 1516 2191; x_wconf 91' lang='lat' dir='ltr'>M.</span> <span class='ocrx_word' id='word_1_28' title='bbox 1557 2123 1812 2191; x_wconf 81' lang='lat' dir='ltr'>Tullius</span> <span class='ocrx_word' id='word_1_29' title='bbox 1840 2130 1935 2193; x_wconf 82' lang='lat' dir='ltr'>ad</span> <span class='ocrx_word' id='word_1_30' title='bbox 1960 2149 2155 2194; x_wconf 83' lang='lat' dir='ltr'>suam</span> <span class='ocrx_word' id='word_1_31' title='bbox 2187 2128 2549 2217; x_wconf 81' lang='lat' dir='ltr'>propriam</span> <span class='ocrx_word' id='word_1_32' title='bbox 2588 2128 2855 2196; x_wconf 71' lang='lat' dir='ltr'>dicendi</span> 
     </span>
     <span class='ocr_line' id='line_1_8' title="bbox 722 2230 2085 2323; baseline 0.003 -26"><span class='ocrx_word' id='word_1_33' title='bbox 722 2230 1001 2298; x_wconf 81' lang='lat' dir='ltr'>laudem</span> <span class='ocrx_word' id='word_1_34' title='bbox 1032 2230 1378 2319; x_wconf 80' lang='lat' dir='ltr'>pertinere</span> <span class='ocrx_word' id='word_1_35' title='bbox 1409 2230 1552 2320; x_wconf 82' lang='lat' dir='ltr'>ipse</span> <span class='ocrx_word' id='word_1_36' title='bbox 1579 2230 2085 2323; x_wconf 75' lang='lat' dir='ltr'>siqnificaverit.</span> 
     </span>
    </p>
   </div>
   <div class='ocr_carea' id='block_1_6' title="bbox 618 2450 2888 4569">
    <p class='ocr_par' dir='ltr' id='par_1_6' title="bbox 618 2450 2888 4355">
     <span class='ocr_line' id='line_1_9' title="bbox 709 2450 2857 2544; baseline 0.002 -27"><span class='ocrx_word' id='word_1_37' title='bbox 709 2450 867 2540; x_wconf 90' lang='lat' dir='ltr'>Ipse</span> <span class='ocrx_word' id='word_1_38' title='bbox 919 2472 1084 2517; x_wconf 88' lang='lat' dir='ltr'>sane</span> <span class='ocrx_word' id='word_1_39' title='bbox 1122 2451 1212 2517; x_wconf 91' lang='lat' dir='ltr'>M.</span> <span class='ocrx_word' id='word_1_40' title='bbox 1285 2450 1558 2517; x_wconf 89' lang='lat' dir='ltr'>Tullius</span> <span class='ocrx_word' id='word_1_41' title='bbox 1614 2474 1756 2519; x_wconf 90' lang='lat' dir='ltr'>non</span> <span class='ocrx_word' id='word_1_42' title='bbox 1797 2450 2160 2538; x_wconf 82' lang='lat' dir='ltr'>abstinuit,</span> <span class='ocrx_word' id='word_1_43' title='bbox 2216 2454 2387 2544; x_wconf 90' lang='lat' dir='ltr'>quin</span> <span class='ocrx_word' id='word_1_44' title='bbox 2442 2452 2571 2521; x_wconf 90' lang='lat' dir='ltr'>hac</span> <span class='ocrx_word' id='word_1_45' title='bbox 2632 2453 2857 2544; x_wconf 88' lang='lat' dir='ltr'>philo-</span> 
     </span>
     <span class='ocr_line' id='line_1_10' title="bbox 620 2557 2858 2650; baseline 0.001 -26"><span class='ocrx_word' id='word_1_46' title='bbox 620 2557 905 2648; x_wconf 88' lang='lat' dir='ltr'>sophiae</span> <span class='ocrx_word' id='word_1_47' title='bbox 963 2557 1046 2625; x_wconf 90' lang='lat' dir='ltr'>ad</span> <span class='ocrx_word' id='word_1_48' title='bbox 1081 2559 1552 2646; x_wconf 84' lang='lat' dir='ltr'>eloquentiam</span> <span class='ocrx_word' id='word_1_49' title='bbox 1599 2557 2041 2647; x_wconf 87' lang='lat' dir='ltr'>adjunctione</span> <span class='ocrx_word' id='word_1_50' title='bbox 2093 2601 2173 2612; x_wconf 93' lang='lat'><em>-</em></span> <span class='ocrx_word' id='word_1_51' title='bbox 2216 2560 2496 2650; x_wconf 89' lang='lat' dir='ltr'>qualem</span> <span class='ocrx_word' id='word_1_52' title='bbox 2549 2583 2702 2628; x_wconf 91' lang='lat' dir='ltr'>eam</span> <span class='ocrx_word' id='word_1_53' title='bbox 2743 2584 2858 2629; x_wconf 89' lang='lat' dir='ltr'>ex-</span> 
     </span>
     <span class='ocr_line' id='line_1_11' title="bbox 622 2664 2857 2755; baseline 0.002 -24"><span class='ocrx_word' id='word_1_54' title='bbox 622 2665 909 2755; x_wconf 83' lang='lat' dir='ltr'>plicavit</span> <span class='ocrx_word' id='word_1_55' title='bbox 942 2705 1030 2715; x_wconf 90' lang='lat'><strong>—</strong></span> <span class='ocrx_word' id='word_1_56' title='bbox 1068 2687 1227 2732; x_wconf 90' lang='lat' dir='ltr'>cum</span> <span class='ocrx_word' id='word_1_57' title='bbox 1270 2664 1355 2731; x_wconf 91' lang='lat' dir='ltr'>ad</span> <span class='ocrx_word' id='word_1_58' title='bbox 1383 2666 1785 2733; x_wconf 88' lang='lat' dir='ltr'>universam</span> <span class='ocrx_word' id='word_1_59' title='bbox 1832 2666 2108 2734; x_wconf 90' lang='lat' dir='ltr'>dicendi</span> <span class='ocrx_word' id='word_1_60' title='bbox 2154 2674 2375 2734; x_wconf 87' lang='lat' dir='ltr'>artem</span> <span class='ocrx_word' id='word_1_61' title='bbox 2424 2669 2617 2734; x_wconf 92' lang='lat' dir='ltr'>omni</span> <span class='ocrx_word' id='word_1_62' title='bbox 2655 2668 2857 2735; x_wconf 88' lang='lat' dir='ltr'>laude</span> 
     </span>
     <span class='ocr_line' id='line_1_12' title="bbox 621 2770 2858 2864; baseline 0.002 -25"><span class='ocrx_word' id='word_1_63' title='bbox 621 2772 1119 2840; x_wconf 86' lang='lat' dir='ltr'>cumulandam</span> <span class='ocrx_word' id='word_1_64' title='bbox 1148 2770 1265 2860; x_wconf 80' lang='lat'>(1),</span> <span class='ocrx_word' id='word_1_65' title='bbox 1295 2779 1447 2839; x_wconf 90' lang='lat' dir='ltr'>tum</span> <span class='ocrx_word' id='word_1_66' title='bbox 1486 2774 1573 2839; x_wconf 89' lang='lat' dir='ltr'>ad</span> <span class='ocrx_word' id='word_1_67' title='bbox 1600 2795 1797 2840; x_wconf 89' lang='lat' dir='ltr'>suam</span> <span class='ocrx_word' id='word_1_68' title='bbox 1832 2775 2055 2864; x_wconf 88' lang='lat' dir='ltr'>ipsius</span> <span class='ocrx_word' id='word_1_69' title='bbox 2084 2775 2154 2840; x_wconf 92' lang='lat' dir='ltr'>in</span> <span class='ocrx_word' id='word_1_70' title='bbox 2188 2774 2316 2842; x_wconf 90' lang='lat' dir='ltr'>hac</span> <span class='ocrx_word' id='word_1_71' title='bbox 2346 2781 2491 2842; x_wconf 85' lang='lat' dir='ltr'>arte</span> <span class='ocrx_word' id='word_1_72' title='bbox 2517 2775 2858 2843; x_wconf 85' lang='lat' dir='ltr'>excellen-</span> 
     </span>
     <span class='ocr_line' id='line_1_13' title="bbox 618 2880 2858 2971; baseline 0.001 -24"><span class='ocrx_word' id='word_1_73' title='bbox 618 2882 792 2947; x_wconf 82' lang='lat' dir='ltr'>tiam</span> <span class='ocrx_word' id='word_1_74' title='bbox 857 2880 1389 2969; x_wconf 78' lang='lat' dir='ltr'>signiticandam</span> <span class='ocrx_word' id='word_1_75' title='bbox 1467 2887 1824 2948; x_wconf 87' lang='lat' dir='ltr'>uteretur:</span> <span class='ocrx_word' id='word_1_76' title='bbox 1907 2904 2117 2971; x_wconf 91' lang='lat' dir='ltr'>quam</span> <span class='ocrx_word' id='word_1_77' title='bbox 2198 2881 2284 2948; x_wconf 90' lang='lat' dir='ltr'>ad</span> <span class='ocrx_word' id='word_1_78' title='bbox 2376 2882 2858 2950; x_wconf 86' lang='lat' dir='ltr'>excellentiam</span> 
     </span>
     <span class='ocr_line' id='line_1_14' title="bbox 622 2976 2858 3055; baseline 0.001 -2"><span class='ocrx_word' id='word_1_79' title='bbox 622 2976 950 3054; x_wconf 77' lang='lat' dir='ltr'>omnihus</span> <span class='ocrx_word' id='word_1_80' title='bbox 1026 2986 1252 3053; x_wconf 91' lang='lat' dir='ltr'>modis</span> <span class='ocrx_word' id='word_1_81' title='bbox 1341 2986 1829 3055; x_wconf 80' lang='lat' dir='ltr'>declarandam</span> <span class='ocrx_word' id='word_1_82' title='bbox 1904 2994 1981 3054; x_wconf 91' lang='lat' dir='ltr'>ut</span> <span class='ocrx_word' id='word_1_83' title='bbox 2058 2994 2274 3054; x_wconf 88' lang='lat' dir='ltr'>totam</span> <span class='ocrx_word' id='word_1_84' title='bbox 2339 3010 2584 3055; x_wconf 90' lang='lat' dir='ltr'>eorum</span> <span class='ocrx_word' id='word_1_85' title='bbox 2646 2989 2858 3055; x_wconf 92' lang='lat' dir='ltr'>libro-</span> 
     </span>
     <span class='ocr_line' id='line_1_15' title="bbox 623 3093 2857 3187; baseline -0.001 -24"><span class='ocrx_word' id='word_1_86' title='bbox 623 3119 804 3178; x_wconf 92' lang='lat' dir='ltr'>rum,</span> <span class='ocrx_word' id='word_1_87' title='bbox 872 3120 1048 3187; x_wconf 90' lang='lat' dir='ltr'>quos</span> <span class='ocrx_word' id='word_1_88' title='bbox 1121 3125 1152 3159; x_wconf 88' lang='lat'>«</span> <span class='ocrx_word' id='word_1_89' title='bbox 1225 3093 1567 3163; x_wconf 88' lang='lat' dir='ltr'>oratorios</span> <span class='ocrx_word' id='word_1_90' title='bbox 1640 3122 1672 3154; x_wconf 59' lang='lat' dir='ltr'>v&gt;</span> <span class='ocrx_word' id='word_1_91' title='bbox 1753 3093 2159 3183; x_wconf 85' lang='lat' dir='ltr'>appellavit,</span> <span class='ocrx_word' id='word_1_92' title='bbox 2219 3095 2473 3161; x_wconf 86' lang='lat' dir='ltr'>seriem</span> <span class='ocrx_word' id='word_1_93' title='bbox 2569 3094 2857 3162; x_wconf 88' lang='lat' dir='ltr'>tendere</span> 
     </span>
     <span class='ocr_line' id='line_1_16' title="bbox 618 3193 2859 3293; baseline -0.001 -23"><span class='ocrx_word' id='word_1_94' title='bbox 618 3204 788 3271; x_wconf 88' lang='lat' dir='ltr'>satis</span> <span class='ocrx_word' id='word_1_95' title='bbox 837 3210 1146 3293; x_wconf 81' lang='lat' dir='ltr'>apparet,</span> <span class='ocrx_word' id='word_1_96' title='bbox 1193 3203 1289 3269; x_wconf 89' lang='lat' dir='ltr'>ita</span> <span class='ocrx_word' id='word_1_97' title='bbox 1339 3202 1413 3268; x_wconf 91' lang='lat' dir='ltr'>in</span> <span class='ocrx_word' id='word_1_98' title='bbox 1453 3200 1551 3267; x_wconf 89' lang='lat' dir='ltr'>eis</span> <span class='ocrx_word' id='word_1_99' title='bbox 1585 3193 2018 3290; x_wconf 80' lang='lat' dir='ltr'>praesertim,</span> <span class='ocrx_word' id='word_1_100' title='bbox 2064 3222 2239 3290; x_wconf 89' lang='lat' dir='ltr'>quos</span> <span class='ocrx_word' id='word_1_101' title='bbox 2270 3200 2352 3266; x_wconf 83' lang='lat' dir='ltr'>de</span> <span class='ocrx_word' id='word_1_102' title='bbox 2411 3202 2695 3267; x_wconf 67' lang='lat' dir='ltr'>Oratore</span> <span class='ocrx_word' id='word_1_103' title='bbox 2751 3202 2859 3267; x_wconf 91' lang='lat' dir='ltr'>in-</span> 
     </span>
     <span class='ocr_line' id='line_1_17' title="bbox 619 3308 2857 3399; baseline -0 -23"><span class='ocrx_word' id='word_1_104' title='bbox 619 3311 913 3399; x_wconf 87' lang='lat' dir='ltr'>scriptos</span> <span class='ocrx_word' id='word_1_105' title='bbox 947 3310 1252 3399; x_wconf 89' lang='lat' dir='ltr'>primum</span> <span class='ocrx_word' id='word_1_106' title='bbox 1284 3308 1522 3379; x_wconf 83' lang='lat' dir='ltr'>edidit.</span> <span class='ocrx_word' id='word_1_107' title='bbox 1582 3308 1710 3375; x_wconf 90' lang='lat' dir='ltr'>hoc</span> <span class='ocrx_word' id='word_1_108' title='bbox 1750 3314 2246 3396; x_wconf 79' lang='lat' dir='ltr'>argumentum</span> <span class='ocrx_word' id='word_1_109' title='bbox 2280 3330 2316 3376; x_wconf 92' lang='lat' dir='ltr'>e</span> <span class='ocrx_word' id='word_1_110' title='bbox 2376 3308 2857 3399; x_wconf 85' lang='lat' dir='ltr'>philosophiae</span> 
     </span>
     <span class='ocr_line' id='line_1_18' title="bbox 622 3398 2859 3504; baseline 0 -23"><span class='ocrx_word' id='word_1_111' title='bbox 622 3417 1014 3504; x_wconf 85' lang='lat' dir='ltr'>cognitione</span> <span class='ocrx_word' id='word_1_112' title='bbox 1045 3415 1332 3482; x_wconf 87' lang='lat' dir='ltr'>ductum</span> <span class='ocrx_word' id='word_1_113' title='bbox 1365 3413 1449 3481; x_wconf 89' lang='lat' dir='ltr'>ad</span> <span class='ocrx_word' id='word_1_114' title='bbox 1475 3413 1624 3503; x_wconf 88' lang='lat' dir='ltr'>ejus</span> <span class='ocrx_word' id='word_1_115' title='bbox 1652 3416 1752 3480; x_wconf 92' lang='lat' dir='ltr'>rei</span> <span class='ocrx_word' id='word_1_116' title='bbox 1775 3398 2440 3482; x_wconf 83' lang='lat' dir='ltr'>demonstrationem</span> <span class='ocrx_word' id='word_1_117' title='bbox 2462 3415 2859 3483; x_wconf 87' lang='lat' dir='ltr'>adhibuisse</span> 
     </span>
     <span class='ocr_line' id='line_1_19' title="bbox 623 3519 2856 3611; baseline 0 -22"><span class='ocrx_word' id='word_1_118' title='bbox 623 3521 919 3601; x_wconf 88' lang='lat' dir='ltr'>videtur,</span> <span class='ocrx_word' id='word_1_119' title='bbox 936 3561 1023 3571; x_wconf 97' lang='lat'><strong>—</strong></span> <span class='ocrx_word' id='word_1_120' title='bbox 1047 3523 1242 3611; x_wconf 87' lang='lat' dir='ltr'>quasi</span> <span class='ocrx_word' id='word_1_121' title='bbox 1263 3523 1498 3588; x_wconf 89' lang='lat' dir='ltr'>minus</span> <span class='ocrx_word' id='word_1_122' title='bbox 1526 3519 1954 3587; x_wconf 88' lang='lat' dir='ltr'>invidiosum</span> <span class='ocrx_word' id='word_1_123' title='bbox 1972 3521 2106 3587; x_wconf 89' lang='lat' dir='ltr'>sibi</span> <span class='ocrx_word' id='word_1_124' title='bbox 2125 3522 2274 3589; x_wconf 91' lang='lat' dir='ltr'>fore</span> <span class='ocrx_word' id='word_1_125' title='bbox 2289 3521 2856 3604; x_wconf 88' lang='lat' dir='ltr'>existimavisset,</span> 
     </span>
     <span class='ocr_line' id='line_1_20' title="bbox 622 3626 2859 3717; baseline 0 -23"><span class='ocrx_word' id='word_1_126' title='bbox 622 3628 680 3695; x_wconf 91' lang='lat' dir='ltr'>si</span> <span class='ocrx_word' id='word_1_127' title='bbox 710 3633 976 3694; x_wconf 88' lang='lat' dir='ltr'>tantam</span> <span class='ocrx_word' id='word_1_128' title='bbox 1008 3629 1116 3694; x_wconf 89' lang='lat' dir='ltr'>sui</span> <span class='ocrx_word' id='word_1_129' title='bbox 1146 3627 1368 3717; x_wconf 89' lang='lat' dir='ltr'>ipsius</span> <span class='ocrx_word' id='word_1_130' title='bbox 1390 3626 2069 3694; x_wconf 81' lang='lat' dir='ltr'>commendationem</span> <span class='ocrx_word' id='word_1_131' title='bbox 2097 3627 2180 3693; x_wconf 90' lang='lat' dir='ltr'>ad</span> <span class='ocrx_word' id='word_1_132' title='bbox 2223 3634 2482 3696; x_wconf 88' lang='lat' dir='ltr'>certam</span> <span class='ocrx_word' id='word_1_133' title='bbox 2511 3628 2859 3695; x_wconf 80' lang='lat' dir='ltr'>doctrinae</span> 
     </span>
     <span class='ocr_line' id='line_1_21' title="bbox 625 3732 2860 3826; baseline 0 -26"><span class='ocrx_word' id='word_1_134' title='bbox 625 3735 1086 3801; x_wconf 90' lang='lat' dir='ltr'>accessionem</span> <span class='ocrx_word' id='word_1_135' title='bbox 1122 3736 1348 3823; x_wconf 87' lang='lat' dir='ltr'>potius</span> <span class='ocrx_word' id='word_1_136' title='bbox 1380 3756 1589 3823; x_wconf 80' lang='lat' dir='ltr'>quam</span> <span class='ocrx_word' id='word_1_137' title='bbox 1622 3732 1708 3800; x_wconf 93' lang='lat' dir='ltr'>ad</span> <span class='ocrx_word' id='word_1_138' title='bbox 1741 3733 2170 3823; x_wconf 82' lang='lat' dir='ltr'>singularem</span> <span class='ocrx_word' id='word_1_139' title='bbox 2212 3733 2473 3823; x_wconf 76' lang='lat' dir='ltr'>inqenii</span> <span class='ocrx_word' id='word_1_140' title='bbox 2500 3742 2860 3826; x_wconf 88' lang='lat' dir='ltr'>praestan-</span> 
     </span>
     <span class='ocr_line' id='line_1_22' title="bbox 621 3840 2862 3932; baseline 0 -25"><span class='ocrx_word' id='word_1_141' title='bbox 621 3841 791 3907; x_wconf 88' lang='lat' dir='ltr'>tiam</span> <span class='ocrx_word' id='word_1_142' title='bbox 815 3842 1072 3909; x_wconf 88' lang='lat' dir='ltr'>referre</span> <span class='ocrx_word' id='word_1_143' title='bbox 1104 3841 1474 3908; x_wconf 85' lang='lat' dir='ltr'>videretur.</span> <span class='ocrx_word' id='word_1_144' title='bbox 1497 3841 1581 3907; x_wconf 91' lang='lat' dir='ltr'>Et</span> <span class='ocrx_word' id='word_1_145' title='bbox 1603 3840 1889 3929; x_wconf 85' lang='lat' dir='ltr'>quidem</span> <span class='ocrx_word' id='word_1_146' title='bbox 1919 3840 2005 3907; x_wconf 92' lang='lat' dir='ltr'>ad</span> <span class='ocrx_word' id='word_1_147' title='bbox 2035 3841 2479 3908; x_wconf 86' lang='lat' dir='ltr'>relaxandam</span> <span class='ocrx_word' id='word_1_148' title='bbox 2509 3843 2862 3932; x_wconf 88' lang='lat' dir='ltr'>paulisper</span> 
     </span>
     <span class='ocr_line' id='line_1_23' title="bbox 623 3944 2855 4037; baseline 0 -25"><span class='ocrx_word' id='word_1_149' title='bbox 623 3944 832 4035; x_wconf 89' lang='lat' dir='ltr'>hujus</span> <span class='ocrx_word' id='word_1_150' title='bbox 861 3954 1134 4014; x_wconf 90' lang='lat' dir='ltr'>nostrae</span> <span class='ocrx_word' id='word_1_151' title='bbox 1174 3948 1661 4037; x_wconf 85' lang='lat' dir='ltr'>disputationis</span> <span class='ocrx_word' id='word_1_152' title='bbox 1704 3948 2149 4016; x_wconf 82' lang='lat' dir='ltr'>severitatem</span> <span class='ocrx_word' id='word_1_153' title='bbox 2177 3953 2567 4037; x_wconf 89' lang='lat' dir='ltr'>opportune</span> <span class='ocrx_word' id='word_1_154' title='bbox 2589 3948 2855 4027; x_wconf 81' lang='lat' dir='ltr'>incidit,</span> 
     </span>
     <span class='ocr_line' id='line_1_24' title="bbox 624 4052 2859 4143; baseline 0 -24"><span class='ocrx_word' id='word_1_155' title='bbox 624 4060 701 4119; x_wconf 90' lang='lat' dir='ltr'>ut</span> <span class='ocrx_word' id='word_1_156' title='bbox 746 4053 949 4120; x_wconf 86' lang='lat' dir='ltr'>nobis</span> <span class='ocrx_word' id='word_1_157' title='bbox 1002 4052 1132 4120; x_wconf 88' lang='lat' dir='ltr'>hoc</span> <span class='ocrx_word' id='word_1_158' title='bbox 1191 4054 1338 4121; x_wconf 90' lang='lat' dir='ltr'>loco</span> <span class='ocrx_word' id='word_1_159' title='bbox 1392 4052 2087 4121; x_wconf 85' lang='lat' dir='ltr'>animadvertendum</span> <span class='ocrx_word' id='word_1_160' title='bbox 2134 4055 2243 4138; x_wconf 84' lang='lat' dir='ltr'>sit,</span> <span class='ocrx_word' id='word_1_161' title='bbox 2309 4054 2501 4143; x_wconf 90' lang='lat' dir='ltr'>quali</span> <span class='ocrx_word' id='word_1_162' title='bbox 2568 4055 2859 4122; x_wconf 79' lang='lat' dir='ltr'>artificio</span> 
     </span>
     <span class='ocr_line' id='line_1_25' title="bbox 623 4159 2888 4249; baseline 0.001 -24"><span class='ocrx_word' id='word_1_163' title='bbox 623 4159 811 4249; x_wconf 88' lang='lat' dir='ltr'>ipsos</span> <span class='ocrx_word' id='word_1_164' title='bbox 849 4162 1231 4249; x_wconf 89' lang='lat' dir='ltr'>superioris</span> <span class='ocrx_word' id='word_1_165' title='bbox 1272 4161 1519 4227; x_wconf 90' lang='lat' dir='ltr'>aetatis</span> <span class='ocrx_word' id='word_1_166' title='bbox 1551 4160 1895 4242; x_wconf 83' lang='lat' dir='ltr'>homineS,</span> <span class='ocrx_word' id='word_1_167' title='bbox 1941 4181 2115 4248; x_wconf 89' lang='lat' dir='ltr'>quos</span> <span class='ocrx_word' id='word_1_168' title='bbox 2173 4160 2283 4226; x_wconf 89' lang='lat' dir='ltr'>his</span> <span class='ocrx_word' id='word_1_169' title='bbox 2323 4160 2521 4227; x_wconf 88' lang='lat' dir='ltr'>libris</span> <span class='ocrx_word' id='word_1_170' title='bbox 2560 4160 2888 4246; x_wconf 50' lang='lat' dir='ltr'>induxit„</span> 
     </span>
     <span class='ocr_line' id='line_1_26' title="bbox 622 4265 2498 4355; baseline 0 -22"><span class='ocrx_word' id='word_1_171' title='bbox 622 4265 706 4333; x_wconf 90' lang='lat' dir='ltr'>ad</span> <span class='ocrx_word' id='word_1_172' title='bbox 735 4266 894 4334; x_wconf 88' lang='lat' dir='ltr'>talis</span> <span class='ocrx_word' id='word_1_173' title='bbox 933 4266 1208 4334; x_wconf 89' lang='lat' dir='ltr'>consilii</span> <span class='ocrx_word' id='word_1_174' title='bbox 1241 4267 1806 4334; x_wconf 87' lang='lat' dir='ltr'>commoditatem</span> <span class='ocrx_word' id='word_1_175' title='bbox 1835 4266 2198 4355; x_wconf 83' lang='lat' dir='ltr'>loquentes</span> <span class='ocrx_word' id='word_1_176' title='bbox 2236 4267 2498 4334; x_wconf 82' lang='lat' dir='ltr'>fecerit.</span> 
     </span>
    </p>

    <p class='ocr_par' dir='ltr' id='par_1_7' title="bbox 625 4372 2862 4569">
     <span class='ocr_line' id='line_1_27' title="bbox 713 4372 2862 4462; baseline 0 -23"><span class='ocrx_word' id='word_1_177' title='bbox 713 4372 829 4439; x_wconf 87' lang='lat' dir='ltr'>Sic</span> <span class='ocrx_word' id='word_1_178' title='bbox 854 4374 922 4439; x_wconf 91' lang='lat' dir='ltr'>in</span> <span class='ocrx_word' id='word_1_179' title='bbox 965 4374 1189 4462; x_wconf 91' lang='lat' dir='ltr'>primo</span> <span class='ocrx_word' id='word_1_180' title='bbox 1223 4372 1304 4439; x_wconf 81' lang='lat' dir='ltr'>de</span> <span class='ocrx_word' id='word_1_181' title='bbox 1354 4374 1642 4441; x_wconf 82' lang='lat' dir='ltr'>Oratore</span> <span class='ocrx_word' id='word_1_182' title='bbox 1682 4373 1858 4440; x_wconf 88' lang='lat' dir='ltr'>libro</span> <span class='ocrx_word' id='word_1_183' title='bbox 1911 4373 2059 4461; x_wconf 88' lang='lat' dir='ltr'>ipse</span> <span class='ocrx_word' id='word_1_184' title='bbox 2099 4372 2217 4439; x_wconf 90' lang='lat' dir='ltr'>ille</span> <span class='ocrx_word' id='word_1_185' title='bbox 2264 4373 2555 4439; x_wconf 88' lang='lat' dir='ltr'>Crassus</span> <span class='ocrx_word' id='word_1_186' title='bbox 2605 4373 2862 4441; x_wconf 86' lang='lat' dir='ltr'>fatetur</span> 
     </span>
     <span class='ocr_line' id='line_1_28' title="bbox 625 4478 2856 4569; baseline 0 -24"><span class='ocrx_word' id='word_1_187' title='bbox 625 4502 697 4546; x_wconf 87' lang='lat' dir='ltr'>se</span> <span class='ocrx_word' id='word_1_188' title='bbox 730 4502 764 4544; x_wconf 67' lang='grc' dir='ltr'>α</span> <span class='ocrx_word' id='word_1_189' title='bbox 791 4500 942 4546; x_wconf 89' lang='lat' dir='ltr'>eam</span> <span class='ocrx_word' id='word_1_190' title='bbox 964 4479 1324 4545; x_wconf 89' lang='lat' dir='ltr'>scientiam</span> <span class='ocrx_word' id='word_1_191' title='bbox 1359 4501 1566 4567; x_wconf 91' lang='lat' dir='ltr'>quam</span> <span class='ocrx_word' id='word_1_192' title='bbox 1594 4478 1925 4568; x_wconf 84' lang='lat' dir='ltr'>adjungat</span> <span class='ocrx_word' id='word_1_193' title='bbox 1948 4480 2227 4560; x_wconf 88' lang='lat' dir='ltr'>oratori,</span> <span class='ocrx_word' id='word_1_194' title='bbox 2251 4502 2383 4545; x_wconf 91' lang='lat' dir='ltr'>non</span> <span class='ocrx_word' id='word_1_195' title='bbox 2418 4481 2856 4569; x_wconf 80' lang='lat' dir='ltr'>complexum</span> 
     </span>
    </p>
   </div>
   <div class='ocr_carea' id='block_1_7' title="bbox 689 4689 1813 4753">
    <p class='ocr_par' dir='ltr' id='par_1_8' title="bbox 689 4689 1813 4753">
     <span class='ocr_line' id='line_1_29' title="bbox 689 4689 1813 4753; baseline -0.002 -14"><span class='ocrx_word' id='word_1_196' title='bbox 689 4689 733 4752; x_wconf 84' lang='lat'>(1</span> <span class='ocrx_word' id='word_1_197' title='bbox 787 4692 939 4742; x_wconf 88' lang='lat' dir='ltr'>Sicut</span> <span class='ocrx_word' id='word_1_198' title='bbox 961 4692 1037 4740; x_wconf 84' lang='lat' dir='ltr'>De</span> <span class='ocrx_word' id='word_1_199' title='bbox 1076 4692 1186 4749; x_wconf 89' lang='lat' dir='ltr'>Or.‚</span> <span class='ocrx_word' id='word_1_200' title='bbox 1211 4689 1250 4748; x_wconf 89' lang='grc' dir='ltr'>Ι,</span> <span class='ocrx_word' id='word_1_201' title='bbox 1283 4691 1372 4751; x_wconf 83' lang='lat'>20;</span> <span class='ocrx_word' id='word_1_202' title='bbox 1404 4692 1565 4751; x_wconf 84' lang='lat' dir='ltr'>atque</span> <span class='ocrx_word' id='word_1_203' title='bbox 1589 4690 1813 4753; x_wconf 88' lang='lat' dir='ltr'>passim.</span> 
     </span>
    </p>
   </div>
  </div>
 </body>
</html>
