3742 5167
1822 557 2175 621 -60-

895 745 1043 789 esse
1087 721 1177 810 (l)
1212 745 1277 802 n,
1307 726 1386 787 ut
1416 721 1535 809 qui
1571 747 1600 785 ε(
1647 719 1730 787 ad
1771 720 2124 809 agendum
2144 728 2306 788 ante
2345 744 2557 811 quam
2598 722 2682 790 ad
2709 745 3129 811 cognoscen-

895 829 1059 893 dum
1119 828 1425 895 renisset
1484 852 1544 908 ι,
1605 834 1841 917 postea
1897 834 2132 895 autem
2183 830 2509 895 maximis
2562 830 3131 918 occupationibus

891 936 1234 1025 implicari
1289 957 1429 1001 non
1497 934 1781 1001 desierit
1844 934 1934 1023 (2)
1992 955 2007 1001 ε
2063 934 2246 1023 quod
2302 935 2481 1002 idem
2553 936 2624 1002 in
2693 944 2957 1004 ceteros
3013 944 3133 1004 aut

887 1045 1209 1129 aequales
1234 1048 1355 1109 aut
1397 1041 1645 1108 veteris
1687 1042 2064 1108 memoriae
2094 1048 2401 1109 oratores
2440 1042 2684 1110 cadere
2725 1066 2885 1109 cum
2930 1044 3132 1111 Scae-

895 1149 1167 1237 rulflffl]
1197 1148 1426 1217 Crassi
1447 1147 1924 1215 excellentiam
1968 1148 2315 1215 laudando
2366 1150 2535 1215 satis
2575 1149 2933 1234 indicavit,
2981 1157 3128 1217 tum

891 1257 1235 1321 Antonius
1269 1254 1545 1344 planius
1577 1254 1965 1337 confirmat,
2003 1255 2261 1344 quippe
2307 1256 2427 1343 qui
2471 1256 2554 1322 ad
2592 1257 2815 1344 ipsam
2857 1257 3127 1346 opinio-

895 1385 1075 1442 nem,
1123 1385 1334 1449 quam
1375 1361 1458 1429 de
1515 1360 1963 1451 philosophia
2029 1363 2099 1427 in
2151 1368 2423 1429 oratore
2468 1361 2880 1451 requirenda
2945 1362 3127 1452 apud

895 1468 1351 1537 Charmadam
1407 1468 1854 1558 probavisset,
1920 1468 1986 1535 id
2068 1470 2482 1554 pertinuisse
2545 1469 2747 1536 dicat.
2831 1469 3012 1557 quod
3058 1470 3126 1535 in

895 1577 1067 1641 libro
1095 1575 1393 1665 quodam
1426 1575 1805 1664 scripserit,
1853 1599 1888 1640 <t
1930 1575 2217 1642 disertos
2245 1599 2316 1642 se
2356 1570 2686 1665 cognosse
2727 1577 3124 1651 nonnullos,

891 1681 1326 1769 cloquentem
1357 1683 1703 1749 neminem
1729 1683 1824 1773 (4)
1856 1708 1889 1749 ι)
1921 1704 1935 1749 :
1973 1681 2228 1773 quibus
2249 1683 2479 1752 verbis
2502 1684 3127 1752 commemorandis

891 1793 1055 1881 quid
1119 1792 1355 1859 Cicero
1395 1793 1523 1859 sibi
1595 1794 1919 1870 voluerit,
1987 1794 2379 1883 intelligere
2428 1794 2605 1892 licet·
2652 1814 2735 1858 ex
2783 1794 2892 1873 iis,
2951 1814 3125 1879 quae

895 1901 1127 1965 statim
1163 1898 1526 1966 addentem
1559 1901 1946 1967 Antonium
1973 1902 2135 1969 fecit
2169 1901 2260 1991 (5)
2309 1922 2323 1970 :

963 2105 1099 2173 Ego,
1159 2107 1446 2169 quantum
1486 2119 1748 2175 auguror
1778 2103 2126 2174 conjectura
2158 2109 2497 2174 quantaque
2539 2102 2779 2174 ingenia
2804 2102 2863 2155 in
2906 2102 3126 2156 nostris

891 2190 1226 2245 hominihus
1265 2208 1391 2245 esse
1420 2192 1610 2260 vide0‚
1645 2210 1762 2248 non
1792 2194 2040 2264 despero
2082 2193 2209 2248 fore
2240 2193 2499 2264 aliquem
2553 2191 2895 2262 aliquandO,
2936 2193 3037 2262 qui
3070 2198 3126 2247 et

887 2281 1079 2333 studio
1103 2280 1350 2347 acriore,
1385 2297 1566 2351 quam
1597 2298 1707 2337 nos
1744 2299 1950 2337 sumus
1990 2286 2166 2353 atque
2201 2282 2444 2346 fuimuS,
2480 2289 2538 2337 et
2567 2283 2686 2336 otio
2729 2298 2797 2337 ac
2839 2281 3123 2337 facultate

891 2369 1151 2425 discendi
1187 2370 1410 2441 majore
1459 2387 1526 2425 ac
1557 2372 1878 2426 maturiore
1916 2377 1973 2426 et
2003 2371 2205 2426 labore
2246 2376 2422 2442 atque
2473 2372 2765 2426 industria
2790 2372 3121 2441 superiore,

887 2477 1020 2509 [zum
1055 2477 1112 2513 se
1143 2458 1213 2513 ad
1250 2458 1636 2521 audiendum,
1687 2459 2005 2530 legendum
2062 2461 2572 2531 scribendumque
2600 2461 2845 2523 dederit,
2872 2461 3124 2515 exsistat

887 2549 963 2601 tal
979 2549 1019 2601 is
1047 2553 1263 2613 orator,
1293 2546 1530 2617 qualem
1563 2548 1925 2617 quaerimUS,
1944 2549 2045 2618 qui
2066 2550 2202 2618 jure
2223 2566 2336 2603 non
2359 2552 2536 2604 solum
2560 2550 2817 2614 disertus,
2837 2550 2933 2603 scd
2955 2552 3123 2604 etiam

883 2637 1143 2705 clusae-fena·
1163 2637 1269 2690 dici
1295 2639 1498 2705 possit:
1522 2637 1623 2707 qui
1647 2642 1846 2691 tamen
1879 2654 2011 2692 mea
2038 2640 2336 2692 sententia
2355 2643 2459 2692 aut
2478 2639 2575 2693 hic
2594 2645 2680 2693 est
2704 2639 2829 2710 Jam
2854 2639 3119 2702 CraSSUS,

887 2733 987 2777 aut
1011 2725 1059 2777 si
1091 2741 1123 2793 l]
1139 2725 1224 2778 uis
1252 2726 1381 2795 pari
1417 2726 1596 2780 fuerit
1625 2726 1861 2798 ingenio
1891 2725 2181 2797 pluraque
2211 2744 2389 2797 quam
2417 2728 2512 2782 hic
2540 2733 2599 2782 et
2627 2728 2881 2782 audierit
2911 2733 2969 2781 et
3000 2726 3119 2783 lec-

891 2809 1067 2861 [imisit.
1095 2817 1151 2865 ct
1171 2812 1494 2880 scripserit,
1520 2811 1765 2882 paulum
1796 2813 1933 2867 huic
1964 2814 2190 2884 aliquid
2212 2816 2432 2885 poterit
2460 2816 2710 2870 addere,
2760 2873 2764 2877 ,

983 3021 1167 3085 lianc
1200 3043 1363 3088 sane
1396 3020 1624 3088 Crassi
1651 3023 2095 3111 ‘Antoniique
2135 3024 2217 3090 de
2278 3024 2674 3114 semetipsis
2706 3023 3113 3091 modestiam

891 3129 959 3193 in
1023 3127 1302 3193 secundi
1366 3127 1527 3197 libri
1569 3132 1923 3219 prooemio
1979 3130 2213 3199 Cicero
2290 3132 2604 3199 refellere
2671 3131 2969 3210 videtur,
3037 3172 3112 3181 —-

887 3241 1229 3321 quatenus
1283 3234 1564 3322 quidem
1631 3236 1714 3302 ad
1783 3260 1956 3322 rem,
2001 3238 2082 3304 de
2164 3261 2299 3326 qua
2346 3261 2463 3304 eos
2504 3237 2971 3328 disputantem
3022 3241 3118 3306 fa-

887 3341 1131 3421 ciebat,
1183 3342 1550 3431 utriusque
1592 3344 1907 3432 exemplo
1948 3344 2557 3412 demonstrandam
2607 3345 2948 3413 referebat
2972 3346 3113 3437 (6),

883 3457 1087 3533 alque
1151 3449 1295 3537 ipsa
1336 3450 1492 3515 talis
1540 3452 1883 3516 sermonis
1924 3451 2404 3539 explicatione.
2464 3452 2741 3541 qualem
2779 3458 3113 3541 tanquam

887 3553 1063 3617 intur
1103 3577 1219 3621 eos
1259 3553 1573 3621 habitum
1615 3556 1869 3621 litteris
1897 3555 2268 3624 mandabat
2321 3558 2498 3624 effici
2539 3559 2840 3649 voluisse
2882 3582 2953 3626 se
2993 3561 3112 3641 ait,

891 3685 920 3721 ιι
963 3667 1035 3725 nl
1075 3661 1192 3725 illa
1230 3661 1484 3748 opini0‚
1528 3684 1700 3749 quae
1751 3684 2015 3749 semper
2068 3663 2340 3751 fuisset,
2384 3665 2769 3744 tolleretur,
2814 3668 3112 3734 alterum

883 3789 1015 3829 nun
1075 3765 1581 3843 doctissimum,
1641 3767 1940 3834 alterum
1984 3769 2183 3858 plane
2244 3770 2599 3838 indoctum
2640 3772 2855 3839 fuisse
2886 3773 2977 3862 (7)
3024 3794 3105 3851 »ς

887 3873 999 3937 sed
1059 3874 1258 3938 tertio
1313 3873 1490 3940 libro
1552 3875 1879 3941 Crassum
1930 3899 2135 3942 suum
2178 3877 2465 3944 faciebat
2496 3878 2678 3946 idem
2732 3881 2868 3946 alio
2909 3880 3111 3947 modo

947 4137 1011 4185 :11
1043 4133 1225 4183 verbis
1254 4133 1540 4184 Scaevolae
1567 4133 1841 4183 mandatis
1866 4134 1962 4196 (77)
1990 4134 2212 4183 utimur.
2249 4135 2342 4183 :Cfn
2382 4150 2560 4199 supra,
2593 4151 2645 4199 p.
2683 4138 2775 4197 12.)

947 4209 991 4261 ιςέ
1047 4209 1119 4253 ΗΕ
1155 4204 1260 4263 022,
1296 4206 1332 4262 I,
1369 4207 1518 4254 78:19
1542 4205 1785 4267 (Crassus
1812 4205 2107 4267 loquiturff
2142 4205 2217 4253 Cf.
2247 4208 2321 4254 71.

947 4281 1011 4337 '3⁸2¹
1039 4277 1107 4325 ΗΕ
1131 4277 1234 4335 [ir-1,
1269 4277 1308 4334 l,
1340 4278 1398 4324 ΤῘ

971 4349 991 4393 l
1051 4349 1115 4393 lle
1147 4348 1250 4405 Ur„
1280 4348 1317 4404 I,
1351 4349 1409 4394 94
1455 4374 1509 4380 -
1536 4347 1610 4395 CR
1649 4348 1794 4395 Orat.
1824 4348 1899 4404 18,
1934 4348 2040 4403 105,
2078 4347 2216 4396 unde
2270 4348 2407 4397 hanc
2463 4348 2790 4397 sententiam
2846 4349 2902 4396 in
2931 4364 3109 4399 roma-

883 4429 1007 4461 num
1039 4417 1403 4477 {eloquentiam
1437 4417 1651 4464 tantum
1680 4417 1869 4466 cadere
1892 4420 2129 4480 apparet.

951 4489 1007 4537 ji:
1047 4485 1392 4544 n..÷i·:1„,95.Cr.
1426 4488 1502 4545 79,
1534 4487 1626 4535 ubi
1663 4490 1888 4537 Crassus
1934 4488 2064 4536 dicit
2094 4504 2104 4535 :
2139 4503 2226 4536 «...
2262 4489 2387 4551 quid
2424 4504 2631 4548 censes,
2667 4490 2714 4539 si
2758 4490 2823 4539 ad
2876 4491 3105 4552 alicujus

879 4557 1151 4615 ingenium
1181 4556 1265 4605 vel
1297 4557 1474 4618 majus
1496 4556 1603 4616 illa,
1631 4572 1768 4619 quae
1799 4572 1898 4620 ego
1926 4572 2037 4606 non
2058 4560 2231 4621 attigi,
2256 4562 2597 4619 accesserint,
2632 4562 2848 4624 qualem
2873 4562 3028 4610 illurn
3054 4565 3107 4611 et

883 4629 1143 4689 quamnim
1176 4629 1457 4690 oratorem?
1474 4625 1751 4675 futurum?

947 4693 1007 4745 ζῇ]
1039 4693 1087 4737 rt
1123 4693 1183 4749 [ῖ)
1215 4686 1291 4736 Cf.
1322 4689 1397 4736 De
1429 4691 1538 4745 0²2,
1569 4690 1630 4747 ll,
1666 4692 1766 4738 1-7.
