3742 5167
785 528 965 595 ...29-

316 700 496 791 jungebat,
520 722 539 767 a
553 697 598 765 M.
614 695 728 763 Tullio
742 694 842 783 quasi
863 715 1068 761 conversam
1082 716 1170 772 esse,
1192 716 1254 784 per
1269 693 1346 785 ejus
1359 682 1437 783 pro·

320 808 430 897 priam
452 806 493 872 de
513 803 649 873 dicendi
664 802 827 869 facultate
848 801 1057 867 sententiam
1069 823 1151 867 mox
1170 800 1436 892 explicabimus.

319 914 395 981 lam
412 934 496 980 vero
515 909 707 978 notandum
723 912 788 990 est,
812 930 867 975 eas
890 908 983 997 ipsas
1000 908 1166 988 rationes,
1192 930 1281 997 quae
1300 908 1373 975 sive
1395 910 1436 975 de

319 1021 518 1086 animorum
538 1016 726 1107 generibus
743 1013 994 1101 affectibusque
1009 1014 1052 1081 ad
1072 1022 1202 1081 certam
1218 1036 1339 1082 eorum
1351 1020 1437 1081 trac·

320 1130 487 1193 tationem
522 1121 770 1211 pernoscendis
794 1121 840 1207 (1)
871 1121 946 1188 sive
980 1120 1022 1188 de
1060 1120 1320 1189 dialecticorum
1355 1120 1438 1187 sub-

320 1235 445 1302 tilitate
473 1231 671 1301 adhibenda
688 1231 734 1319 (2)
756 1253 775 1297 a
802 1230 943 1297 Socrate
971 1230 1007 1295 in
1027 1228 1181 1295 Phaedro
1197 1228 1437 1317 proferuntur,

320 1341 477 1408 nonnisi
498 1340 639 1429 propria
667 1338 716 1421 vi,
739 1358 828 1427 quae
844 1338 892 1402 eis
912 1358 933 1402 a
962 1336 1106 1402 Platone
1120 1334 1253 1401 tributa
1274 1339 1361 1416 erat,
1382 1356 1440 1401 ex·

320 1448 485 1537 spoliatas
510 1445 602 1537 apud
623 1446 825 1512 Ciceronem
839 1442 1040 1510 transiisse:
1063 1464 1158 1526 nam,
1175 1463 1376 1531 quanquam
1396 1440 1439 1507 ad

320 1554 465 1622 Antonii
495 1574 676 1641 personam
698 1551 739 1617 de
762 1550 871 1617 animi
899 1548 1077 1617 affectibus
1103 1547 1354 1638 pertractandis
1369 1547 1439 1613 dis-

322 1668 503 1752 putantem
521 1659 566 1749 (3)
599 1682 676 1726 eam
714 1659 827 1747 ipsam
854 1658 1063 1724 sententiam
1095 1656 1213 1723 Cicero
1245 1654 1437 1735 transtulit,

322 1790 390 1859 qua
401 1768 560 1835 Socrates
575 1767 736 1853 explicat,
754 1766 844 1831 sicut
870 1764 1004 1831 medico
1024 1763 1183 1850 diligenti
1199 1762 1368 1850 corporis,
1382 1760 1439 1828 cui

322 1871 453 1940 mederi
472 1872 502 1937 is
522 1870 617 1949 velit,
639 1875 814 1950 naturam,
832 1869 880 1935 ita
899 1869 1029 1934 oratori
1048 1866 1267 1935 audientium
1287 1867 1436 1949 animae,

322 2001 409 2068 quos
436 1983 585 2046 tractare
612 1976 748 2059 debeat,
783 1981 943 2042 accurate
988 1974 1185 2063 exploratos
1227 1997 1303 2041 esse
1336 1996 1439 2065 opor-

321 2092 393 2152 tere
406 2085 466 2175 (1),
477 2091 646 2150 -tamen
661 2082 758 2150 illam
773 2081 1114 2149 certamet'ficiendae
1130 2080 1340 2155 «ψυχαγωγίας
1357 2109 1372 2140 o
1390 2080 1438 2171 (c)

322 2192 500 2257 scientiam
524 2190 641 2279 (quam
680 2186 823 2277 quidem
852 2188 985 2254 Platoni
1014 2187 1151 2255 facilius
1177 2188 1291 2254 fuerat
1323 2188 1440 2255 animo

322 2294 615 2384 comprehendere
631 2299 664 2362 et
683 2293 839 2360 oratione
857 2292 1052 2359 describere
1067 2315 1172 2381 quam
1191 2296 1333 2361 omnino
1357 2316 1440 2361 con-

324 2402 479 2492 stituere)
496 2400 538 2468 ad
560 2401 805 2468 modestiorem
822 2401 992 2467 rationem
1006 2402 1155 2489 usuique
1171 2403 1349 2469 communi
1361 2424 1441 2491 pro·

324 2510 454 2597 piorem
474 2508 651 2597 redegisse
676 2507 836 2589 videtur;
876 2508 1139 2574 dialecticorum
1172 2514 1289 2574 autem
1320 2508 1441 2597 cogni-

323 2616 409 2682 tioni
425 2620 595 2705 quantum
616 2615 798 2695 tribueret,
821 2616 881 2703 qui
908 2616 946 2679 in
969 2615 1112 2681 Oratore
1132 2616 1218 2704 ipsis
1234 2615 1306 2682 fere
1327 2615 1441 2681 Plato-

324 2722 377 2787 nis
405 2722 522 2789 verbis
555 2723 724 2811 expressit
759 2720 821 2811 (6),
843 2720 935 2787 idem
970 2722 1006 2787 in
1026 2720 1125 2787 libris
1147 2720 1188 2787 de
1217 2723 1364 2788 Oratore
1389 2722 1441 2787 in-

322 2830 460 2917 scriptis
473 2851 515 2895 ne
529 2828 745 2896 indicaverat
759 2828 913 2917 quidem,
935 2828 1004 2894 nisi
1025 2826 1117 2917 quod
1140 2855 1155 2888 α
1178 2827 1441 2894 dialecticorum

322 2957 465 3001 acumen
489 2935 535 3023 (7)
555 2963 585 3016 »,
603 2943 761 3001 anatura
788 2935 923 3000 scilicet
940 2934 1171 3024 potiusquam
1189 2956 1208 2999 a
1224 2939 1316 3000 certa
1329 2934 1442 3000 scien-

323 3042 581 3131 tiaacceptum‚
615 3042 651 3106 in
672 3047 809 3106 oratore
840 3038 1052 3127 requirebat.
1081 3040 1217 3128 ltaque,
1240 3039 1323 3105 dum
1355 3038 1441 3106 tales

323 3149 474 3214 rationes
494 3171 513 3215 a
530 3148 673 3214 Platone
690 3151 845 3235 repetere
867 3143 1020 3228 videtur,
1041 3146 1098 3211 vix
1116 3144 1167 3209 illi
1198 3145 1375 3211 Aristoteli
1405 3166 1441 3212 re

325 3252 568 3334 satisfaciebat,
581 3253 640 3341 qui
656 3253 692 3318 in
715 3253 765 3317 eis
779 3249 1030 3316 lldetoricorum
1054 3272 1196 3316 suorum
1212 3248 1368 3340 partibus
1381 3250 1441 3338 (8),

324 3358 384 3425 ubi
404 3364 436 3426 et
456 3358 497 3425 de
514 3360 616 3425 variis
627 3358 734 3424 animi
747 3355 934 3423 xattactibus
951 3353 1139 3431 tractandis
1151 3364 1186 3423 et
1199 3356 1241 3423 de
1254 3377 1442 3444 argumen-

324 3465 417 3532 tandi
437 3466 522 3531 locis
538 3487 556 3532 e
572 3464 751 3531 dialectica
780 3461 1026 3552 depromendis
1048 3462 1224 3544 disseruit,
1243 3462 1317 3552 ejus
1330 3464 1443 3530 scien-

355 3668 388 3731 (1)
404 3666 442 3716 Cl.
457 3664 574 3715 Pkaecr.
590 3667 633 3715 211
648 3667 685 3715 B:
705 3684 715 3709 r
779 3668 870 3739 ψυχῆς
886 3663 949 3739 γένη
965 3665 1011 3719 καὶ
1026 3666 1059 3721 τὰ
1073 3666 1177 3719 τούτων
1202 3668 1352 3740 παθήματα
1364 3710 1395 3731 .,.
1418 3688 1441 3729 ν,

325 3741 404 3801 atquc
418 3738 502 3787 etium
516 3738 559 3785 211
576 3738 595 3785 D
611 3764 627 3771 -
655 3738 717 3797 2723
734 3738 778 3785 213
794 3737 832 3796 Ι);
848 3739 893 3787 aii
908 3738 935 3786 B,

357 3810 389 3871 (2)
406 3808 444 3857 Gt.
460 3808 567 3858 Pbaedr
592 3810 636 3856 265
651 3823 657 3868 ;
673 3808 715 3855 211
730 3809 789 3868 stit
805 3802 834 3856 D'.
852 3808 883 3856 ln
893 3809 1004 3858 Oratore
1013 3822 1046 3858 ne
1061 3808 1088 3857 id
1097 3808 1207 3870 quidem
1219 3810 1443 3873 praetermissum

326 3894 383 3931 esse
402 3880 518 3930 vidimus
538 3880 585 3943 (cf.
600 3893 682 3943 supra
697 3894 723 3942 p.
742 3879 824 3940 20-21)
843 3880 914 3940 quod
933 3879 964 3929 de
979 3876 1179 3951 μετεωρολογίᾳ
1195 3880 1320 3941 (Ρὴαεάν.
1339 3884 1383 3931 210
1400 3884 1442 3943 Α),

327 3974 379 4022 qua
391 3960 506 4010 Pericles
521 3962 554 4010 ab
565 3962 726 4022 Anaxagora
736 3959 847 4009 edoctus
857 3961 958 4009 mentis
967 3960 1114 4023 quamdam
1126 3960 1324 4011 sublimitatem
1332 3964 1444 4025 propter

327 4031 487 4080 sublimium
497 4045 587 4081 rerum
600 4031 860 4093 contemplationem
873 4031 992 4080 naturali
1003 4030 1112 4093 ingenio
1126 4031 1304 4093 adjunxisset,
1320 4034 1443 4082 Socrates

325 4116 381 4151 non
395 4104 449 4151 nisi
459 4101 625 4151 transeundo
636 4100 781 4159 indicabat,
792 4101 875 4163 utqui
891 4116 907 4151 a
921 4115 1011 4150 rerum
1023 4101 1181 4150 coelestium
1191 4103 1403 4167 investigatione
1409 4103 1443 4153 ad

325 4174 468 4222 hominum
488 4172 571 4222 vitam
581 4172 783 4236 philosophiam
798 4174 971 4221 revocavisse
985 4171 1039 4221 dici
1064 4174 1184 4236 potuerit
1202 4174 1251 4236 (Gt.
1271 4176 1346 4233 Taso,
1363 4175 1393 4233 V,
1409 4176 1442 4236 9).

358 4246 389 4306 (3)
407 4244 446 4291 De
464 4243 507 4292 Or.
527 4244 708 4304 ll‚182sqq.;
726 4242 764 4291 Gt,
779 4255 869 4303 supra,
883 4256 908 4305 p.
926 4244 965 4291 11.

358 4316 390 4377 (1)
406 4313 443 4365 Cf.
458 4315 495 4362 De
512 4314 556 4362 Or,
571 4314 603 4364 Il,
623 4314 676 4369 186,
695 4340 724 4348 -
740 4315 767 4362 et
778 4312 894 4361 Phaedr.
911 4315 956 4361 ero
971 4314 1000 4362 B.

357 4384 428 4505 (50)fo
446 4383 560 4503 libpedr.
571 4385 648 4433 2710.
659 4400 665 4430 ε
678 4401 689 4425 (ι
697 4379 790 4452 ἐπείδη
800 4379 884 4457 λόγου
894 4381 1006 4455 δύναμις
1014 4384 1144 4460 τυγχάνει
1152 4388 1316 4462 ψυχαγωγία
1324 4385 1399 4442 οὖσα.
1407 4410 1443 4445 ..o

358 4527 390 4589 (6)
410 4526 454 4575 Or.
473 4528 510 4585 16,
527 4528 553 4575 et
565 4526 678 4574 115-111.
697 4523 745 4585 (Gt.
761 4538 849 4587 supra,
863 4540 889 4589 p.
905 4526 986 4589 20-21)
1001 4543 1010 4584 ;
1024 4524 1142 4577 Pbcedr.
1159 4531 1223 4591 2655
1243 4531 1412 4592 27132731).

313 4640 316 4647 .
359 4597 390 4658 (7)
407 4598 444 4645 De
459 4597 503 4646 Or.
518 4599 537 4657 Ι,
554 4598 597 4644 120
614 4596 757 4657 (Antonius
770 4596 898 4659 loquitur)
912 4612 918 4654 ;
932 4596 966 4645 ct.
984 4611 1074 4661 supra,
1093 4613 1119 4662 p.
1138 4602 1177 4662 21,
1190 4615 1218 4653 n.
1234 4606 1258 4651 1.

359 4667 391 4729 (8)
406 4668 435 4716 ln
450 4667 518 4717 libro
533 4668 565 4715 ll.
1107 4684 1112 4694 ·
