3742 5167
781 561 957 626 ..97-

312 731 408 801 patria
427 730 568 801 pericula,
591 729 714 785 vulnera
734 730 920 802 excipienda,
942 735 1069 786 mortem
1096 731 1305 803 oppetendam,
1330 729 1431 786 vatici-

313 820 379 875 nari
394 824 482 891 atque
497 819 631 874 insanire
644 818 773 874 dicebat.
793 840 807 868 »

357 998 514 1087 Cumque
546 1019 607 1087 per
629 995 718 1064 hano
742 998 855 1085 ipsam
884 994 926 1062 ab
964 996 1142 1085 Epicureis
1174 1003 1430 1087 separationem

316 1106 448 1173 Stoicos
458 1102 754 1193 Academicosque
764 1105 867 1169 tacite
880 1102 1082 1191 conjunctos
1092 1110 1259 1194 tanquam
1268 1128 1433 1173 romanae

315 1212 477 1300 dignitati
491 1210 743 1279 satisfacientes
759 1216 877 1276 noster
900 1216 1017 1276 orator
1031 1209 1238 1298 designaret,
1255 1234 1295 1279 eo
1321 1212 1433 1301 magis

315 1316 663 1386 animadvertendum
690 1323 752 1391 est,
779 1338 848 1405 quo
865 1323 1152 1405 temperament0‚
1170 1317 1253 1384 dum
1270 1319 1433 1386 Pisonem

317 1448 422 1515 quam
438 1424 660 1493 acerbissime
681 1424 885 1505 insectatur,
911 1446 931 1490 a
961 1424 1094 1490 Pisonis
1124 1421 1279 1489 moribus
1305 1424 1434 1513 Epicu-

318 1555 395 1599 reae
418 1531 621 1622 disciplinae
650 1552 790 1598 causam
820 1532 1046 1619 separaverit.
1073 1531 1116 1596 Et
1135 1529 1276 1618 quidem
1307 1529 1435 1597 dehac

318 1637 532 1728 sejunctione
543 1639 602 1705 vix
617 1635 749 1726 aliquid
757 1639 891 1703 cantius
905 1635 1134 1725 significabat,
1144 1636 1228 1703 dum
1241 1638 1275 1702 in
1285 1637 1346 1703 illa
1359 1659 1436 1703 ora-

318 1746 412 1811 tione
424 1757 500 1834 post
518 1744 666 1811 reditum
690 1743 727 1809 in
750 1744 881 1811 Senatu
899 1741 1016 1810 habita
1038 1743 1086 1809 sic
1106 1742 1251 1823 dicebat,
1274 1744 1435 1810 Pisonem

321 1876 338 1917 <1
372 1874 446 1917 esse
474 1851 686 1941 Epicureum
717 1871 787 1916 non
822 1849 962 1937 penitus
996 1849 1047 1914 illi
1081 1848 1295 1938 disciplinae,
1330 1872 1437 1939 quae-

319 1979 469 2046 cumque
503 1964 605 2036 esset,
631 1955 799 2042 debitum,
824 1954 883 2021 sed
917 1963 1058 2045 captum
1091 1979 1160 2023 uno
1182 1955 1288 2023 verbo
1312 1957 1438 2045 volup-

321 2064 431 2129 tatis»
445 2062 490 2151 (l)
505 2060 677 2142 3eamdem
697 2061 936 2147 exceptionem
953 2062 1055 2150 paulo
1075 2062 1204 2129 clarius
1216 2061 1388 2128 indicabat
1403 2064 1436 2127 in

321 2189 454 2258 suapro
467 2166 577 2235 Sestio
592 2168 748 2233 oratione
759 2165 896 2256 (2)‚,ubi
913 2173 1031 2234 tamen
1043 2168 1296 2255 Epicureorum
1312 2167 1439 2234 doctri-

323 2296 403 2341 nam
424 2274 535 2363 magis
549 2274 653 2339 etiam
668 2274 828 2362 ignorare
849 2273 959 2340 videri
972 2274 1082 2339 voluit
1096 2272 1270 2363 (3),quam
1291 2282 1329 2341 nt
1344 2274 1385 2341 de
1401 2297 1441 2341 ea

325 2379 515 2470 quidquam
533 2381 669 2445 firmius
680 2381 890 2446 suonomine
906 2382 1061 2461 afferret;
1075 2382 1112 2446 in
1131 2404 1172 2448 ea
1185 2384 1441 2462 verooratione,

325 2509 430 2576 quam
446 2488 482 2552 in
499 2486 628 2553 Senatu
648 2485 954 2553 vehementissime
973 2489 1009 2553 in
1029 2488 1146 2578 ipsum
1162 2488 1325 2554 Pisonem
1345 2487 1443 2554 habi·

325 2600 396 2659 tam
409 2594 509 2660 initio
525 2592 629 2680 hujus
642 2594 765 2681 capitis
777 2594 1235 2673 commemoravimushano
1249 2594 1442 2661 ineruditae

326 2700 468 2787 Epicuri
485 2699 784 2788 interpretationis
795 2702 1059 2781 correctionem,
1077 2707 1116 2767 ut
1127 2702 1199 2790 ipse
1214 2703 1249 2767 in
1265 2701 1318 2768 his
1339 2701 1443 2768 rebus

326 2806 463 2871 acutius
483 2805 697 2893 intelligens
719 2807 937 2894 apertissime
958 2807 1156 2895 explicavit.
1180 2808 1266 2873 Cum
1289 2810 1382 2874 enim
1411 2810 1442 2875 ei

329 2912 491 2999 perfacile
511 2917 613 2995 esset,
636 2910 742 2999 hujus
762 2940 777 2973 α
806 2912 1023 3001 voluptariae
1051 2940 1067 2973 a
1085 2914 1130 3002 (l)
1146 2912 1323 2980 doctrinae
1336 2942 1351 2975 «
1370 2922 1444 2980 tur-

329 3018 523 3107 pitudinem
544 3017 591 3107 (5)
608 3044 623 3079 a
641 3019 695 3085 vel
708 3017 956 3107 amplificatam
988 3020 1025 3084 in
1055 3020 1215 3084 Pisonem
1241 3020 1446 3109 simpliciter

328 3131 541 3203 convertere,
557 3123 648 3190 hanc
672 3123 890 3191 subtiliorem
906 3125 1042 3191 inimici
1056 3128 1110 3192 sui
1126 3125 1327 3213 increpandi
1344 3128 1447 3192 ratio-

329 3252 409 3297 nem
426 3229 575 3311 induxit,
597 3237 637 3297 ut
658 3229 871 3311 admoneret,
889 3253 971 3298 eum
986 3254 1025 3299 ea
1041 3238 1235 3321 praecepta,
1251 3254 1339 3320 quae
1352 3233 1447 3301 vitiis

331 3335 669 3427 suispraetenderet,
686 3338 721 3404 in
742 3340 958 3428 pejusquam
974 3338 1147 3427 quomodo
1175 3339 1324 3428 intelligi
1344 3338 1447 3407 debe-

331 3450 409 3510 rent
420 3466 482 3533 pro
493 3448 639 3511 naturae
651 3466 734 3511 suae
751 3445 1160 3534 malitiainterpretatum
1174 3468 1261 3513 esse.
1279 3446 1329 3513 Ex
1349 3447 1447 3529 lociS,

332 3572 419 3639 quos
436 3574 478 3618 ex
493 3572 533 3618 ea
548 3552 703 3617 oratione
717 3558 896 3641 excerptos
907 3574 1013 3641 supra
1026 3551 1209 3619 retulimus
1219 3554 1277 3639 (o),
1291 3552 1449 3643 judicare

330 3656 619 3747 licetquomodo,
629 3680 733 3746 quem
743 3658 923 3746 Epicureis
938 3658 1147 3747 quibusdam
1161 3657 1289 3726 scholis
1300 3659 1449 3727 dedecus

333 3786 437 3831 suum
462 3769 721 3855 praetexentem
741 3786 802 3853 per
830 3762 1023 3831 ludibrium
1049 3763 1233 3832 inducebat
1250 3766 1311 3855 (7),
1336 3767 1448 3835 eidem

366 3985 397 4047 ll)
410 3986 472 4033 Post
485 3983 603 4032 reditum
615 3983 644 4032 in
653 3996 718 4042 sam,
731 3983 776 4032 14:
792 3985 942 4045 sequuntur
954 3996 1062 4045 eaquae
1073 3996 1155 4045 supra
1166 3982 1309 4033 retulimus
1321 3999 1326 4032 :
1341 4000 1353 4030 c
1365 3984 1453 4035 Habet

335 4058 426 4103 autem
440 4054 616 4117 magistros...
635 4056 701 4103 etc...
718 4072 729 4097 a

366 4126 398 4188 (2)
414 4128 443 4174 23
459 4141 465 4171 ε
482 4124 512 4174 V.
528 4124 619 4185 ipsum
642 4124 733 4174 locum
748 4138 829 4187 quem
843 4123 987 4174 retulimus
995 4138 1021 4187 p.
1034 4127 1080 4174 96:
1097 4145 1139 4172 a...
1156 4124 1236 4186 cujus
1248 4125 1413 4189 (voluptatis)
1427 4128 1453 4175 et

336 4210 388 4259 quo
401 4198 521 4260 tempore
537 4197 630 4258 etque
646 4195 736 4255 modo,
751 4209 807 4244 non
821 4194 1021 4258 quaerebat...»

367 4268 401 4328 (3)
414 4287 436 4315 «ι.
457 4305 462 4316 .
479 4265 618 4316 Laudabat
631 4266 713 4315 homo
724 4266 819 4316 doctus
831 4265 1007 4329 philosophos
1022 4268 1113 4316 nescio
1127 4280 1225 4330 quos..
1239 4288 1250 4312 n

370 4338 401 4400 (4)
415 4338 453 4387 Cf.
472 4339 500 4385 in
519 4336 570 4384 Pis.
584 4340 630 4385 ta:
649 4356 660 4380 a
676 4338 722 4386 isti
736 4338 777 4387 tui
788 4336 932 4399 voluptarii
948 4339 1071 4388 Graeci...
1088 4356 1099 4385 u

370 4409 401 4471 (5)
415 4410 491 4458 Sient
509 4407 588 4470 paulo
600 4410 662 4456 ante
677 4409 756 4457 inor.
771 4410 798 4455 P.
811 4406 909 4466 Caelio,
925 4408 1006 4467 tl,de
1022 4410 1154 4473 Epicurea
1167 4409 1291 4463 doctrina
1305 4413 1455 4474 judicabat,

341 4492 369 4527 so
383 4479 492 4542 quidem
508 4478 627 4527 severius
642 4478 714 4540 quod
729 4493 776 4542 per
786 4478 867 4527 Caelii
894 4478 1083 4529 defensionem
1096 4480 1265 4545 voluptariae
1277 4486 1349 4536 vitae
1365 4490 1456 4551 patro·

339 4549 440 4598 ciuium
454 4551 514 4614 ipse
529 4550 665 4611 suscipere
680 4549 765 4599 videri
780 4551 894 4611 poterat.
912 4549 963 4609 (Cf.
978 4551 1043 4601 ibid.
1060 4554 1110 4615 39.)
1182 4552 1188 4562 “

371 4622 405 4683 (6)
422 4620 502 4670 Initio
517 4620 599 4681 hujus
614 4621 719 4682 capitis,
735 4635 760 4683 p.
773 4622 803 4669 86
818 4623 845 4670 et
859 4622 943 4670 88-89.

373 4693 404 4754 (l)
420 4691 499 4739 Velut
514 4690 590 4737 59-60
611 4691 640 4739 66
653 4689 729 4752 (locis
745 4704 826 4755 supra
841 4691 1010 4754 designatis).
