3742 5167
903 586 1079 651 -68—

433 744 486 814 ter
505 750 681 837 singulare
698 749 907 839 supplicium
922 754 954 818 in
978 753 1105 843 impios
1138 754 1372 842 excogitatum
1387 755 1550 825 laudabat

435 884 449 917 a
468 856 646 946 rnajorum
665 857 873 947 sapientiam
891 888 919 945 o,
932 860 993 949 qui
1009 860 1200 928 voluissent
1214 858 1405 951 parricidas
1421 891 1436 926 u
1459 866 1551 932 insui

432 966 465 1029 in
488 964 642 1032 culleum
656 965 755 1032 vivos
771 972 874 1054 atque
894 966 943 1033 ita
961 966 997 1032 in
1022 966 1151 1035 flumen
1176 954 1310 1058 dejieii)
1340 991 1347 1038 :
1435 1016 1439 1024 ·

467 1142 488 1197 0
504 1141 690 1213 singularem
700 1142 887 1213 sapientiam,
896 1142 1029 1214 judicesl
1042 1144 1292 1201 Nonnevidentur
1305 1138 1548 1206 hunchominem

431 1247 465 1285 cx
480 1247 582 1287 rerum
597 1234 706 1287 natura
721 1230 916 1287 sustulisseet
932 1233 1087 1303 eripuisse,
1105 1233 1152 1289 cui
1163 1238 1285 1304 repente
1301 1234 1432 1304 caelum,
1442 1235 1547 1306 solem,

430 1336 539 1391 aquam
554 1325 723 1391 terramque
743 1320 918 1389 ademerint,
934 1327 967 1377 ut
982 1322 1033 1392 qui
1047 1339 1115 1377 eum
1128 1327 1274 1391 necasset,
1290 1325 1370 1378 unde
1382 1324 1443 1395 ipse
1454 1330 1548 1379 natus

429 1414 516 1477 esset,
527 1417 642 1465 careret
657 1412 693 1466 iis
709 1412 798 1467 rebus
813 1412 964 1478 omnibus,
981 1427 1017 1465 ex
1032 1412 1141 1481 quibus
1157 1412 1258 1467 omnia
1273 1417 1343 1467 nata
1358 1430 1422 1468 esse
1439 1414 1547 1469 dicun-

429 1497 496 1553 tur?
511 1499 677 1555 Noluerunt
693 1499 765 1554 teris
785 1515 892 1570 corpus
906 1500 1048 1570 objicere,
1063 1517 1100 1555 ne
1116 1500 1219 1555 bestiis
1234 1518 1367 1573 quoque,
1384 1518 1460 1573 quae
1480 1507 1547 1559 tan-

429 1594 493 1643 tum
519 1587 617 1643 scelus
645 1588 821 1659 attigissent,
843 1588 1070 1644 immanioribus
1085 1595 1256 1657 uteremur;
1273 1606 1334 1645 non
1349 1591 1391 1645 sic
1404 1591 1500 1646 nudos
1515 1592 1545 1647 in

428 1676 541 1732 ssumen
565 1676 705 1747 dejicere,
720 1694 767 1743 ne,
785 1693 852 1732 curn
874 1676 962 1733 delati
979 1682 1080 1732 essent
1094 1677 1126 1732 in
1141 1694 1233 1744 mare,
1250 1680 1349 1749 ipsum
1365 1679 1544 1751 polluerent,

428 1782 488 1836 quo
509 1770 609 1821 cetera
636 1782 711 1837 quae
727 1765 835 1821 violata
854 1769 925 1821 sunt
940 1766 1052 1837 expiari
1067 1771 1229 1838 putantur;
1246 1767 1375 1839 denique
1391 1768 1467 1837 nihil
1485 1775 1545 1824 tam

427 1854 483 1910 vile
498 1870 595 1925 neque
607 1858 667 1910 tam
682 1854 801 1927 vulgare
814 1859 869 1919 est,
886 1854 973 1925 cujus
987 1860 1102 1925 partem
1117 1855 1210 1911 ullam
1225 1855 1411 1927 reliquerint.
1428 1858 1544 1913 Etenim

428 1943 500 2017 quid
519 1948 580 1998 tarn
602 1949 646 1998 est
672 1960 831 2001 commune
852 1945 942 2014 qutm
970 1944 1184 2015 spiritusvivis,
1205 1950 1285 1999 terra
1309 1946 1446 2012 mortuis,
1463 1963 1545 2001 mare

427 2032 650 2098 fluctuantibus,
680 2031 751 2092 litus
775 2032 902 2103 ejectis?
922 2034 965 2089 lta
993 2033 1105 2099 vivunt,
1132 2034 1202 2088 dum
1230 2039 1365 2104 possunt,
1381 2037 1414 2089 ut
1434 2034 1544 2089 ducere

426 2123 557 2178 animam
573 2122 608 2177 de
629 2122 711 2177 eaelo
732 2138 792 2177 non
808 2127 928 2192 queant,
945 2123 986 2177 ita
1008 2123 1189 2189 moriuntur,
1203 2127 1236 2176 ut
1255 2138 1360 2177 eorum
1380 2139 1446 2178 ossa
1463 2128 1545 2179 terra

426 2227 486 2265 non
508 2215 619 2283 tangat,
641 2211 682 2267 na
702 2210 856 2280 jactantur
883 2211 1093 2279 ssuctibusut
1118 2227 1274 2282 nunquam
1304 2211 1474 2279 abluantur,
1503 2213 1544 2267 ita

426 2304 576 2370 postremo
593 2300 766 2371 ejiciuntur,
779 2305 857 2355 utne
874 2301 910 2355 ad
920 2317 992 2356 saxa
1004 2301 1125 2371 quidem
1138 2302 1249 2356 mortui
1262 2301 1477 2371 conquiescant
1492 2301 1541 2372 (1).

420 2536 421 2540 ,
459 2475 571 2561 ΙΗιιηο
591 2475 719 2557 locum,
737 2475 803 2543 etsi
822 2475 1062 2557 notissimum,
1080 2475 1117 2539 in
1131 2477 1286 2540 nostram
1313 2472 1541 2562 scriptionem

424 2585 600 2673 integrum
623 2580 881 2660 transtulimus
926 2586 964 2647 ut
987 2586 1081 2647 certo
1102 2579 1260 2668 exemplo
1280 2578 1385 2645 allato
1417 2576 1542 2645 abillis

425 2690 515 2771 loric,
546 2688 588 2756 de
617 2688 745 2779 quibus
772 2688 986 2777 quaerimus,
1017 2685 1186 2777 ejusmodi
1213 2685 1437 2776 amplificatio
1471 2686 1541 2775 pri-

425 2818 521 2863 mum
545 2805 783 2885 seponeretur,
801 2818 888 2885 quae
909 2816 970 2887 per
981 2794 1187 2862 inanitatem
1201 2791 1402 2874 verborum,
1421 2815 1542 2883 quam·

423 2904 476 2969 vis
492 2903 606 2992 specie
622 2900 852 2991 splendidam,
872 2924 908 2969 re
923 2906 1014 2969 certe
1035 2908 1069 2969 et
1085 2900 1266 2967 sententiis
1295 2922 1403 2989 paene
1423 2900 1541 2989 pueri-

422 3011 503 3093 lem,
523 3016 733 3078 excurreret.
755 3011 847 3078 Haec
879 3011 1028 3077 enimet
1055 3009 1138 3076 talia
1163 3030 1243 3075 cum
1267 3036 1282 3067 a
1316 3029 1540 3097 nequaquam

423 3119 506 3185 satis
526 3118 714 3187 defervisse
731 3123 807 3206 post
832 3118 1012 3207 aliquanto
1028 3117 1157 3184 sentire
1171 3114 1342 3203 coepisset
1360 3117 1401 3201 (2)
1417 3143 1447 3199 n,
1465 3123 1539 3183 tum

422 3232 539 3293 noster
553 3230 670 3292 orator
685 3224 727 3291 ab
742 3224 802 3290 illa
813 3224 962 3312 juvenili
975 3222 1208 3290 redundantia
1222 3228 1255 3288 et
1267 3220 1408 3287 licentia
1423 3221 1470 3310 (3)
1497 3220 1539 3288 ad

421 3334 562 3421 gravius
590 3354 700 3421 genus
716 3331 760 3421 (l)
776 3332 1009 3421 eloquentiam
1025 3352 1125 3398 suam
1141 3329 1345 3426 traduxisse¹
1362 3327 1427 3393 sibi
1444 3328 1539 3396 vide·

423 3439 535 3526 batur,
569 3480 607 3491 -
626 3441 675 3507 ite
689 3438 860 3517 videlicet,
875 3444 913 3503 ut
927 3436 1065 3503 dicendi
1092 3437 1227 3526 copiam
1257 3457 1319 3524 per
1346 3435 1538 3502 severiores

422 3548 610 3615 sententias
630 3546 747 3636 potius
780 3553 1059 3635 persequeretur.
1079 3545 1199 3633 Neque
1215 3542 1280 3609 hoc
1306 3540 1381 3608 loco
1415 3540 1533 3623 refert,

420 3678 501 3723 eum
531 3653 677 3721 adhunc
697 3675 779 3719 suae
799 3653 965 3719 orationis
993 3650 1302 3717 commutationem
1328 3650 1431 3737 (quae
1460 3649 1537 3737 qui-

421 3761 500 3828 dem
515 3760 738 3827 forsitannon
759 3764 854 3825 tanta
870 3759 989 3839 fuerit,
1016 3764 1183 3846 quantam
1199 3780 1277 3825 cam
1301 3758 1409 3824 fuisse
1425 3759 1535 3846 signi-

421 3869 523 3936 ficare
534 3859 658 3955 voluit)
680 3868 741 3956 (fi),
768 3866 915 3935 ¹Molonis
929 3864 1069 3950 Rhodii,
1088 3892 1103 3925 «
1122 3866 1247 3933 actoris
1262 3865 1393 3932 summi
1412 3888 1534 3941 causa-

451 4090 485 4151 (l)
500 4090 552 4137 Pro
561 4088 622 4139 Sex.
638 4086 738 4146 Roscio,
751 4086 835 4137 'll-72.

451 4163 485 4224 (ἢ)
502 4160 557 4220 Ora,
575 4160 630 4210 1οἹ.

451 4233 483 4296 (3(
499 4231 536 4281 Gt.
553 4232 639 4291 Brut,
656 4232 710 4279 316.
727 4229 796 4289 Quid
809 4241 954 4277 commune
970 4226 1005 4275 sit
1017 4226 1087 4276 inter
1108 4226 1179 4276 hunc
1203 4226 1295 4276 locum
1309 4228 1336 4275 et
1358 4239 1430 4286 eum,
1452 4240 1534 4288 quem

419 4318 450 4354 ex
464 4304 573 4353 Oratore
588 4304 652 4365 qltll)
674 4303 830 4364 excerptum
854 4298 1028 4359 conserimus,
1046 4298 1156 4347 -satis
1180 4297 1303 4349 indicant
1316 4298 1420 4348 verba:
1444 4317 1488 4346 a...
1506 4300 1533 4347 et

418 4377 496 4441 quasi
508 4377 661 4439 deferverat
675 4374 790 4424 oratio...
807 4391 818 4415 o
896 4388 899 4395 ’
945 4438 949 4443 ’

450 4449 481 4508 (4,
495 4447 563 4497 lllud
579 4467 590 4491 r
604 4446 714 4511 gravius
743 4443 871 4508 quiddam
889 4462 910 4501 o,
926 4441 997 4505 quod
1022 4441 1182 4491 llortensius
1204 4454 1260 4490 non
1281 4441 1391 4504 assequi
1404 4440 1527 4504 potuisse

417 4519 514 4569 dicitur
528 4520 610 4583 peulo
625 4517 696 4567 infra
709 4516 804 4581 (Brut,
820 4515 885 4575 ari),
907 4541 937 4551 -
951 4527 1038 4576 neque
1059 4513 1132 4561 enim
1146 4513 1169 4562 is
1189 4527 1206 4561 a
1219 4513 1393 4577 philosophie
1406 4512 1473 4561 setis
1489 4513 1533 4561 in·

416 4594 535 4641 structus
546 4590 641 4642 suerat.

447 4663 480 4727 (5(
496 4664 527 4712 ln
537 4664 629 4722 Bruto,
646 4662 764 4712 tlt-316:
780 4676 794 4711 r
808 4663 846 4713 its
856 4658 945 4723 recepi
959 4670 1003 4708 me
1013 4656 1123 4706 biennio
1140 4657 1209 4720 post,
1225 4668 1281 4705 uon
1304 4654 1385 4704 modo
1399 4654 1528 4705 exercita·

415 4736 476 4796 tior,
489 4736 535 4786 sed
548 4748 631 4800 prope
645 4736 773 4784 mutatus.
789 4748 805 4784 o
