3742 5167
820 550 994 617 „39-

355 717 472 788 praemii
495 716 629 787 supplicii
650 738 655 781 ;
685 731 752 773 vere
775 732 811 773 an
840 730 933 783 secus,
949 716 1022 772 nihil
1044 717 1078 773 ad
1098 718 1151 774 hoc
1176 722 1308 789 tempus;
1324 719 1373 776 sed
1392 734 1423 775 ea
1443 718 1466 775 si

353 820 515 877 sequamur,
530 806 640 863 nuttam
656 820 782 878 unquam
793 820 853 862 rem
868 806 987 863 dicendo
1002 807 1137 877 expedire
1148 810 1295 877 possimus.

353 968 448 1049 Quae
478 966 545 1033 hue
564 964 827 1034 transcribenda
859 966 1156 1055 existimavimus,
1180 974 1219 1035 ut
1248 969 1466 1037 animadver-

353 1082 498 1157 teretur,
531 1075 655 1143 harum
692 1075 866 1141 rationum
900 1084 1056 1156 extrema
1086 1099 1176 1156 eam,
1215 1098 1304 1166 quae
1333 1077 1374 1145 de
1408 1077 1469 1144 illa

310 1247 312 1249 ,
354 1186 555 1274 angustiore
577 1214 592 1245 ι(
611 1184 776 1273 sapientis
795 1211 809 1245 u
827 1184 1028 1251 definitione
1044 1186 1198 1275 primum
1215 1184 1469 1274 proferebatur,

354 1295 453 1383 quasi
475 1293 649 1382 implicari
664 1312 671 1361 :
689 1315 731 1359 ex
744 1314 812 1381 quo
832 1292 996 1375 efficitur,
1018 1300 1127 1359 totam
1161 1293 1250 1359 hanc
1274 1292 1315 1359 de
1346 1294 1471 1359 Stoicis

355 1400 626 1490 disputationem
647 1398 711 1465 hoc
731 1401 882 1467 maxime
896 1400 1080 1480 contineri,
1107 1400 1200 1491 qnod
1214 1400 1238 1466 ii
1250 1423 1331 1467 cum
1351 1402 1386 1466 in
1407 1422 1470 1475 suo

354 1492 546 1575 disserendi
578 1527 717 1594 genere,
753 1511 829 1572 turn
862 1506 897 1571 in
926 1505 1026 1573 bonis
1060 1508 1230 1595 malisque
1266 1503 1470 1572 definiendis

352 1614 406 1681 vel
418 1636 439 1679 a
452 1612 602 1680 sensibus
621 1614 677 1678 nel
692 1612 882 1697 abanribas
900 1614 997 1703 oerlqi
1009 1614 1212 1682 abhorreant
1223 1638 1233 1679 .·
1245 1612 1338 1701 quod
1354 1613 1470 1701 ipsum

352 1741 553 1810 quanquam
564 1719 605 1786 de
638 1719 804 1787 universa
833 1720 1055 1810 philosophia
1073 1721 1248 1789 Antonius
1275 1718 1411 1787 dicebat
1434 1721 1467 1784 in

302 1851 307 1864 ¹
339 1828 671 1915 “suadisputationa
681 1848 750 1916 qua
767 1848 844 1893 eam
861 1828 991 1895 oratori
1005 1827 1264 1918 percipiendam
1280 1849 1354 1894 esse
1369 1848 1471 1910 nega-

354 1934 410 2001 bat
431 1933 490 2021 (1),
507 1941 624 2000 tamen
651 1932 745 2000 idem
765 1935 932 2023 exemplis
962 1940 996 2001 et
1018 1935 1193 2016 formulis,
1232 1933 1360 2023 quibus
1388 1938 1471 2000 tunc

351 2041 524 2118 utebatur,
537 2041 620 2107 satis
638 2040 810 2108 indicabat
825 2043 859 2107 id
876 2041 916 2109 de
927 2042 1054 2109 Stoicis
1069 2043 1251 2109 verissime
1266 2040 1332 2108 diei
1348 2063 1467 2129 posse:

352 2170 445 2214 nunc
466 2148 575 2236 igitur
595 2146 648 2213 illi
667 2147 812 2215 Antonii
838 2149 1134 2237 argumentationi
1160 2169 1260 2214 suam
1282 2148 1470 2213 maximam

305 2270 306 2277 ’
352 2256 424 2322 vim
440 2254 598 2321 subtrahi
614 2254 856 2344 intelligimus,
879 2278 960 2322 eum
976 2256 1121 2323 Crassus
1145 2278 1203 2322 eos
1230 2253 1470 2350 philosophos,

353 2384 504 2451 quorum
516 2362 800 2429 doctrinaavitae
815 2362 1066 2445 consuetudine
1076 2370 1109 2429 et
1122 2360 1357 2428 abhominum
1369 2360 1472 2426 mori-

354 2467 417 2535 bus
429 2470 580 2535 maxime
596 2474 931 2557 repugnet,propter
944 2468 1155 2557 hanoipsam
1171 2489 1312 2533 causam
1322 2466 1468 2555 rejiciat.

397 2576 556 2643 Exclusis
576 2576 624 2641 ita
643 2582 678 2642 et
698 2575 823 2642 Stoicis
843 2580 876 2642 et
895 2576 1087 2662 Epicureis,
1109 2574 1197 2641 duae
1225 2573 1471 2663 Peripatetico·

354 2704 430 2748 rum
453 2680 810 2768 Academicorumque
826 2679 979 2745 familiae
1000 2679 1244 2748 remanebant:
1267 2680 1325 2748 sed
1338 2682 1470 2748 Acade-

354 2789 524 2855 micorum
549 2770 610 2877 per
645 2787 748 2853 unius
776 2787 927 2852 nominis
958 2788 1225 2875 perpetuitatem
1253 2787 1340 2854 duas
1362 2788 1470 2855 inisse

353 2894 541 2962 sententias
582 2894 724 2959 Crassus
765 2892 1021 2960 animadvertit.
1061 2893 1112 2959 De
1149 2894 1200 2960 eis
1245 2901 1379 2970 autam,
1411 2895 1471 2982 qui

354 3029 370 3063 «
388 3002 495 3069 veteri
516 3000 722 3067 Academiae
739 3028 754 3060 »
769 2998 1001 3087 praefuerant,
1016 3038 1060 3047 —-
1075 3025 1091 3058 α
1108 2999 1303 3090 Speusippo
1314 3000 1472 3067 etXeno-

353 3116 459 3188 crate,
472 3109 532 3197 qui
549 3107 728 3174 Platonem
737 3105 967 3187 audierant,et
978 3106 1275 3194 quiXenoeratem
1282 3106 1471 3173 Polemone

353 3224 386 3283 et
399 3216 564 3281 Crantore
582 3242 612 3295 n,
624 3252 667 3263 -ν
677 3212 794 3279 Cicero
806 3234 867 3302 per
877 3212 990 3279 Crassi
1003 3234 1187 3301 personam
1196 3211 1282 3278 illud
1291 3215 1472 3281 dumtaxat

354 3322 517 3404 affirmat,
535 3320 625 3409 quod
642 3321 715 3408 ipse
731 3317 773 3385 ab
797 3318 973 3386 Antiocho
995 3318 1042 3408 (2)
1063 3326 1253 3407 acceperat,
1273 3348 1288 3381 (ι
1319 3320 1408 3386 nihil
1428 3320 1471 3387 ab

352 3427 553 3511 Aristotele,
569 3428 629 3515 qui
658 3448 726 3492 una
750 3425 909 3493 andierat
938 3426 1132 3507 Platonem,
1149 3448 1207 3492 eos
1222 3448 1349 3514 magno
1364 3450 1469 3516 opere

353 3535 559 3601 dissensisse
585 3562 600 3594 »
621 3532 692 3621 (3);
720 3553 832 3621 neque
848 3555 931 3599 sane
944 3532 1016 3598 ulla
1036 3554 1140 3599 causa
1166 3539 1250 3616 erat,
1268 3556 1330 3600 cnr
1352 3533 1394 3601 de
1409 3534 1470 3600 illa

355 3668 370 3700 «
394 3647 510 3708 vetere
524 3638 714 3707 Academia
736 3667 751 3699 »
785 3640 885 3728 plura
906 3640 971 3706 hoc
1001 3639 1075 3705 loco
1104 3638 1315 3717 dicerentur,
1341 3641 1471 3729 quippe

354 3769 457 3836 quam
474 3746 686 3836 jampridem
707 3745 943 3813 intermissam
965 3753 997 3813 et
1025 3747 1245 3831 exstinctam,
1268 3747 1471 3835 ecquidem

354 3860 510 3941 tempore
541 3875 609 3940 quo
639 3851 783 3917 Crassus
814 3852 960 3940 loquens
999 3850 1176 3917 inducitur
1196 3852 1254 3942 (i),
1275 3852 1470 3920 Antiochus

353 3959 459 4040 idem,
478 3981 581 4047 quem
610 3956 714 4024 modo
747 3958 1020 4037 nominavimus,
1048 3956 1202 4024 nondum
1231 3960 1468 4026 restituisset:

353 4087 435 4132 nam
470 4064 581 4151 Philo,
615 4085 718 4153 quem
745 4086 784 4130 eo
813 4072 970 4152 tempore
1002 4062 1208 4145 Academiae
1236 4064 1471 4154 coryphaeum

386 4269 418 4331 (1)
437 4270 472 4317 De
487 4270 530 4319 Or.
545 4271 564 4329 I,
579 4272 633 4319 219.
649 4268 687 4319 Cf.
699 4284 781 4333 supra
792 4285 848 4333 cap.
866 4272 886 4332 l,
900 4287 928 4336 p.
947 4275 985 4322 13.

385 4342 417 4402 (2)
431 4340 607 4390 Nobilissimo
623 4339 784 4391 Academiae
798 4342 972 4406 philosopho,
983 4357 1064 4406 quern
1078 4345 1191 4394 Athenis
1207 4346 1330 4397 audierat
1344 4349 1415 4399 eirca
1429 4364 1474 4399 an-

353 4424 419 4459 num
428 4412 482 4459 ato.
495 4410 533 4461 Ci.
542 4412 680 4461 arctata.
1451 4464 1454 4467 .

386 4482 418 4543 (3)
433 4482 471 4529 De
488 4482 531 4531 Or.
546 4482 591 4541 lll,
614 4484 653 4531 67.
679 4485 720 4533 lta
745 4483 855 4547 quidem
878 4483 1004 4534 docuisse
1021 4486 1185 4535 Antiochum
1202 4492 1312 4551 apparet
1322 4504 1354 4539 ex
1368 4490 1437 4540 libro
1453 4492 1474 4540 V

354 4552 386 4599 de
402 4550 537 4609 Finib.,tt
551 4567 557 4612 ;
573 4552 656 4601 Aead.
669 4555 766 4617 prior,
783 4555 947 4613 ltine-rat,
964 4583 995 4590 —
1009 4559 1060 4606 etc.

387 4622 419 4684 (4)
433 4622 511 4671 Anno
523 4622 648 4672 videlicet
663 4626 706 4672 663
721 4625 758 4687 (91
773 4629 836 4674 ante
853 4626 941 4686 Chri,
958 4640 1044 4690 noque
1063 4631 1125 4677 ante
1147 4642 1251 4679 annum
1266 4633 1311 4681 666
1323 4633 1473 4683 Antiochus

358 4707 374 4741 a
390 4693 500 4743 Philone
516 4698 606 4757 aperte
622 4694 779 4745 discessisse
793 4696 900 4745 ridetur
918 4696 966 4759 (Gi.
984 4698 1068 4747 Aeaci.
1081 4699 1178 4763 prior,
1197 4701 1229 4759 u,
1247 4703 1295 4766 tl).

1547 893 1558 920 h
