3742 5167
1810 503 2158 569 ..24-

874 676 1067 764 mus]
1101 697 1116 757 ;
1158 672 1278 741 sed
1314 672 1682 761 utriusque
1720 667 2313 760 disputationibus
2344 668 2704 758 opiniones
2735 667 3109 735 auctorita-

872 790 1115 872 tesque
1144 801 1551 901 graecorum
1574 777 1886 868 ejusdem
1913 778 2156 845 aetatis
2184 774 2785 867 philosophorum,
2808 796 3107 864 quorum

876 890 1025 978 ipsa
1062 888 1350 956 nomina
1388 886 1863 976 proferuntur
1902 908 2041 952 non
2079 892 2341 952 temere
2377 885 2672 951 insertas
2700 906 2853 951 esse
2891 882 3109 951 credi-

877 996 1012 1063 bile
1053 1000 1180 1074 est,
1215 1016 1376 1061 cum
1409 993 1818 1083 praesertim
1863 998 1931 1059 et
1988 992 2507 1058 accuratissime
2572 990 2918 1080 descripta
2974 992 3110 1056 sint

876 1108 1219 1192 tempora,
1255 1099 1512 1189 quibus
1545 1105 1842 1189 uterque
1888 1121 1959 1165 se
2008 1098 2133 1165 hos
2167 1097 2626 1187 philosophos
2655 1099 2949 1165 Athenis
2988 1122 3111 1166 au-

877 1208 1136 1275 divisse
1193 1212 1530 1273 memoret
1587 1204 1708 1295 (1),
1765 1211 1830 1272 et
1891 1204 1973 1271 de
2030 1206 2334 1280 Antonio
2391 1205 2539 1294 ipse
2606 1204 2844 1272 Cicero
2909 1212 3112 1273 teste-

879 1320 994 1380 tur
1024 1312 1120 1403 (2)
1165 1340 1196 1373 «
1230 1335 1302 1379 se
1338 1335 1416 1378 ex
1459 1311 1970 1379 humanissimo
2013 1319 2259 1402 patruo
2309 1335 2434 1379 suo
2466 1352 2549 1362 --
2576 1313 2698 1402 qui
2756 1335 2895 1379 una
2950 1335 3109 1381 cum

878 1420 1184 1487 Antonio
1211 1420 1285 1486 in
1332 1419 1641 1487 Ciliciam
1699 1426 1864 1487 tunc
1921 1420 2269 1508 profectus
2320 1426 2500 1486 esset
2539 1442 2622 1467 —‘-
2681 1442 2883 1508 saepe
2924 1442 3111 1486 acce-

882 1528 1066 1617 pisse
1100 1525 1691 1616 quemadmodum
1723 1527 1838 1593 ille
1869 1526 1981 1594 vel
2004 1526 2298 1593 Athenis
2344 1526 2449 1592 vel
2476 1524 2702 1592 Rhodi
2731 1549 2802 1593 se
2858 1526 3111 1593 doctis-

883 1634 1225 1699 simorum
1273 1631 1644 1701 hominum
1722 1631 2162 1699 sermonibus
2237 1632 2541 1699 dedisset
2605 1661 2665 1700 ».
2724 1636 2953 1721 Atque
3027 1632 3111 1700 de

883 1739 995 1806 his
1060 1737 1323 1806 eisdem
1371 1739 1606 1824 rebuS,
1668 1738 1750 1807 de
1809 1738 2059 1828 quibus
2129 1738 2353 1805 Crassi
2400 1738 2825 1827 Antoniique
2893 1744 3113 1806 aetate

885 1844 1346 1913 Charmadam
1403 1844 1776 1918 Carneadis
1842 1845 2233 1913 auditorem
2294 1845 2584 1935 ejusque
2626 1845 2951 1934 aequales
3017 1847 3113 1912 ita

884 1949 1348 2040 disceptantes
1428 1950 1754 2033 ostendit,
1837 1950 2075 2018 Cicero
2148 1952 2322 2040 ipse,
2413 1952 2530 2018 vix
2582 1951 2849 2041 aliquot
2897 1974 3114 2019 anno..

885 2080 1043 2124 rum
1071 2058 1482 2146 interposito
1516 2058 1736 2146 spatio
1773 2041 1895 2146 (3),
1932 2078 2217 2140 graecos
2259 2055 2576 2124 homines
2630 2060 2837 2125 etiam
2874 2056 3111 2147 dispu-

887 2171 1109 2233 tantes
1158 2164 1396 2232 audire
1429 2170 1770 2254 potuerat,
1809 2164 2219 2252 praesertim
2250 2162 2617 2231 Philonem
2650 2165 2844 2231 illurn
2875 2196 2899 2227 ι·
2938 2167 3114 2231 Aca-

883 2271 1156 2340 demiae
1180 2272 1564 2360 principem
1615 2271 1704 2360 (4)
1755 2298 1813 2347 »,
1861 2292 2068 2359 quem
2113 2270 2185 2335 in
2239 2268 2545 2337 docendo
2586 2293 2746 2338 cum
2813 2272 3115 2363 philoso-

885 2376 1184 2467 phorum
1242 2384 1393 2443 tum
1455 2376 1817 2444 rhetorum
1867 2381 2233 2466 praecepta
2309 2375 2580 2444 tradere
2630 2379 2912 2446 solitum
2966 2401 3115 2446 esse

884 2490 1122 2551 noster
1170 2490 1410 2551 auctor
1449 2484 1619 2551 alias
1659 2480 2371 2570 commemoravit(5).

977 2590 1152 2656 Nam
1177 2588 1360 2671 quod
1393 2618 1422 2651 «
1468 2591 1599 2657 ista
1630 2591 1809 2658 inter
1855 2590 2152 2657 Graecos
2185 2588 2551 2679 disceptari
2593 2618 2620 2649 »
2668 2591 2874 2677 [sicut
2918 2591 3115 2659 Cras·

888 2719 1042 2764 sum
1074 2719 1280 2763 suum
1313 2695 1656 2763 dicentem
1699 2697 1937 2763 Cicero
1978 2696 2160 2783 fecit]
2204 2697 2296 2785 (6)
2351 2719 2487 2762 non
2532 2696 2751 2764 desita
2794 2706 3017 2779 erant,
3048 2699 3112 2765 id

888 2826 1027 2870 non
1055 2803 1281 2870 solum
1328 2802 1412 2869 ad
1460 2804 1693 2893 ipsum
1755 2830 1786 2864 «
1835 2802 2335 2870 Graeculorum
2377 2802 2743 2870 hominum
2780 2834 2808 2865 »
2851 2806 2944 2895 (7)
2977 2805 3118 2872 dis-

889 2909 1176 3001 putandi
1205 2909 1540 2995 studium,
1575 2908 1693 2976 sed
1742 2912 1950 2976 etiam
1998 2907 2083 2975 ad
2158 2912 2673 2977 contentionem
2742 2912 3116 3001 quamdam

890 3017 1149 3085 referre
1178 3017 1364 3100 licet,
1401 3017 1471 3083 in
1505 3038 1713 3106 quam
1734 3015 2134 3105 philosophi
2173 3016 2281 3083 vel
2340 3017 2739 3105 gravissimi
2772 3040 2930 3084 cum
2992 3017 3118 3084 ho-

886 3125 1076 3193 noris
1105 3130 1257 3191 tum
1308 3129 1636 3213 quaestus
1702 3145 1911 3190 causa
1948 3144 2107 3189 cum
2154 3124 2252 3189 eis
2304 3122 2735 3202 incidissent,
2799 3125 2918 3214 qui
2976 3125 3122 3191 rhe-

891 3243 1062 3298 tores
1127 3232 1454 3321 appellati
1496 3231 1592 3318 (8)
1643 3258 1671 3289 «
1714 3228 1986 3296 dicendi
2039 3235 2257 3295 artem
2298 3228 2634 3296 »tradere
2701 3253 2774 3297 se
2841 3230 3118 3319 profite-

893 3338 1193 3418 bantur;
1276 3345 1343 3406 et
1408 3338 1688 3428 quidem
1741 3338 2193 3412 Charmadas,
2253 3358 2655 3426 quanquam
2715 3338 3121 3403 nominatur

889 3446 1073 3513 inter
1131 3443 1814 3513 nobiles-variarum
1880 3450 2225 3511 sectarum
2282 3442 2734 3533 philosophos
2816 3464 3118 3532 quorum

883 3569 932 3617 ‘a
1003 3552 1360 3618 communi
1421 3543 1838 3639 'contemptu
1894 3563 2229 3616 oratorem
2276 3548 2633 3616 vindicare
2701 3548 3119 3637 disputando

895 3658 1183 3724 Crassus
1222 3657 1528 3723 voluisse
1551 3678 1622 3722 se
1664 3662 1897 3721 narrat
1928 3655 2055 3744 (9),
2091 3661 2325 3721 tamen
2358 3656 2428 3720 in
2469 3653 2626 3720 illos
2661 3682 2691 3714 «
2738 3653 3119 3719 rhetoricos

894 3764 1303 3833 doctores»
1375 3762 1514 3852 (10)
1590 3762 1814 3851 magis
1879 3783 2086 3849 quam
2152 3762 2220 3826 in
2279 3760 2467 3849 ipsos
2541 3765 2849 3826 oratores
2921 3780 3120 3824 suam

957 3946 1023 4005 (1)
1048 3944 1122 3992 De
1155 3943 1240 3992 Or.
1269 3943 1310 4001 I,
1343 3944 1401 3991 45
1431 3945 1486 3992 et
1515 3944 1572 3991 84
1601 3961 1612 3991 :
1639 3942 1860 3992 Crassus
1881 3945 2136 4006 quaestor
2152 3956 2217 3991 ex
2237 3940 2551 3991 Macedonia
2571 3940 2794 3989 veniens
2826 3953 2970 3989 anno
2998 3941 3083 3988 641
3109 3954 3121 3997 ς

894 4016 1164 4065 Antonius
1194 4007 1290 4077 pro
1323 4014 1546 4063 consule
1568 4014 1623 4062 in
1645 4013 1891 4063 Ciliciam
1916 4012 2286 4078 proficiscenS,
2319 4027 2460 4062 anno
2488 4013 2599 4065 651.

958 4089 1004 4150 (2
1009 4089 1119 4150 )De
1147 4088 1232 4137 Or.
1264 4087 1484 4145 11‚3‚in
1513 4085 1810 4150 prooemio,

958 4160 1023 4220 (3)
1054 4159 1334 4207 Annorum
1359 4158 1445 4205 641
1483 4157 1637 4205 651:
1643 4158 1732 4205 666
1763 4156 2151 4219 ‹113-103288.)

957 4230 1020 4293 (4)
1042 4230 1192 4279 Sicut
1219 4227 1283 4277 de
1307 4242 1370 4277 eo
1399 4227 1629 4277 dicitur'
1614 4241 1672 4277 111
1700 4228 1886 4287 Bruto,
1911 4229 2018 4277 306.

958 4301 1023 4363 (5)
1056 4299 1130 4349 Cf.
1169 4298 1378 4349 Tuscul.
1413 4299 1477 4358 11,
1505 4301 1553 4349 9.

956 4371 1021 4435 (6)
1010 4371 1125 4427 )De
1154 4370 1238 4419 Ον.
1273 4371 1311 4429 1,
1371 4371 1448 4419 45.

955 4445 1000 4499 (Ἴ
1007 4443 1020 4505 )
1054 4444 1134 4492 Ita
1154 4441 1281 4490 dicit
1304 4442 1549 4499 CrassuS,
1574 4441 1614 4499 I,
1634 4443 1711 4489 47.
1739 4440 1833 4500 (Cf.
1869 4440 1909 4491 Ι,
1939 4441 2067 4501 102.)

956 4515 1021 4576 (8)
1051 4512 1127 4564 Cf.
1151 4514 1225 4561 De
1259 4513 1340 4562 Or.
1369 4512 1410 4568 1,
1447 4512 1522 4571 84
1559 4514 1634 4559 87.

958 4585 1022 4648 (9)
1049 4584 1124 4636 Cf.
1145 4583 1297 4642 ibid,
1322 4585 1399 4642 46,
1431 4584 1509 4643 47,
1541 4584 1617 4633 57.

960 4657 1037 4719 (10
1042 4658 1055 4720 )
1093 4655 1170 4706 Cf.
1202 4654 1352 4714 ibid„
1382 4656 1459 4714 86,
1489 4656 1566 4703 87.

3713 1398 3714 1455 ᾼμ
3681 986 3715 1359 ,ᾼᾉῌᾷΗῷ-ᾼᾼ
3713 869 3714 948 &A
3713 797 3714 808 ⁴
3713 743 3714 753 ⁴
3712 667 3714 677 ⁴
3713 610 3714 617 ⁴
