3742 5167
786 492 989 587 ..(03.-

326 660 481 727 nationis
501 681 629 749 genera
649 657 882 727 defendebant
895 658 956 747 (Ι),
977 681 1056 725 cnm
1078 658 1252 748 Epicurus
1267 681 1306 726 ea
1326 660 1445 727 omnia

324 767 462 835 tolleret
480 766 542 857 (2),
569 766 790 857 Peripatetici
810 772 927 833 autem
943 766 1123 856 pleraque,
1136 770 1170 833 et
1185 765 1326 855 quidem
1337 766 1444 833 simul

326 872 1445 963 wmwfflfflhffimmmfflmbwmmfflmmqm

326 982 531 1072 praesertim
538 980 657 1049 Cicero
667 985 751 1047 tunc
763 982 799 1046 in
810 980 941 1048 Senatu
951 979 1171 1069 loquebatur,
1185 979 1370 1069 rejicerent
1383 984 1440 1071 (3).

325 1088 395 1155 Nec
408 1110 490 1157 vero
506 1088 573 1154 nisi
587 1090 691 1155 tacite
711 1087 924 1176 confuseque
941 1087 983 1154 Μ.
998 1086 1133 1154 Tullius
1142 1088 1179 1154 in
1193 1086 1258 1153 hac
1272 1088 1442 1171 oratione,

324 1217 404 1262 cum
417 1194 572 1286 posuerit
591 1201 624 1262 et
643 1194 725 1262 deos
749 1216 1031 1285 esselecrumque
1047 1199 1163 1259 mente
1184 1192 1355 1259 mundum
1368 1194 1442 1283 regi

324 1310 357 1370 et
381 1302 520 1370 eosdem
546 1300 731 1368 hominum
755 1300 938 1368 consulere
964 1302 1084 1391 generi
1104 1300 1163 1385 (l).
1193 1298 1273 1366 inde
1298 1300 1441 1366 stoicam

296 1425 298 1429 ·
323 1408 364 1477 de
380 1409 594 1476 divinatione
613 1396 874 1475 conclusionem
894 1406 959 1474 sibi
970 1429 1148 1474 assumere
1169 1405 1318 1488 videtur,
1336 1429 1442 1496 quam

324 1514 388 1580 etsi
404 1514 440 1580 in
456 1512 659 1581 secundode
679 1515 822 1605 Lepidus
836 1514 925 1581 libro
942 1513 989 1604 (5)
1017 1514 1123 1581 etiam
1157 1514 1293 1603 repetit,
1321 1519 1441 1581 tamen

324 1627 361 1687 ut
382 1619 612 1710 philosophus
628 1627 746 1708 postea
775 1621 972 1708 repudiavit
1003 1643 1010 1689 :
1046 1621 1106 1711 qui
1136 1622 1232 1688 enim
1257 1619 1297 1687 de
1318 1626 1442 1688 natura

323 1726 468 1795 deorum
501 1726 613 1816 deque
644 1750 765 1795 eorum
792 1728 1017 1816 providentia,
1042 1732 1196 1795 extremo
1215 1728 1319 1795 tertio
1339 1726 1441 1794 libro-

323 1857 402 1901 rum
423 1856 510 1923 quos
530 1833 572 1900 de
593 1834 656 1901 hac
676 1835 881 1923 quaestione
901 1835 1108 1924 composuit,
1130 1834 1236 1901 etiam
1264 1841 1340 1922 post
1360 1835 1442 1901 Car-

321 1940 481 2007 neadiam
507 1941 625 2009 Cottae
640 1944 979 2031 argumentationem
1002 1942 1146 2008 stoicam
1169 1939 1265 2007 Balbi
1286 1939 1441 2029 disputa-

322 2047 455 2114 tionem
467 2046 509 2114 ad
525 2048 959 2115 veritatissimilitudinem
976 2048 1238 2137 propensiorem
1255 2045 1320 2113 sibi
1330 2047 1440 2114 videri

323 2154 533 2243 significavit
554 2156 610 2242 (a),
632 2154 724 2221 idern
739 2156 774 2222 in
790 2153 902 2233 libris,
920 2177 1008 2243 quos
1025 2154 1065 2221 de
1088 2153 1306 2221 Divinatione
1319 2153 1439 2220 inscri-

321 2262 401 2350 psit,
419 2262 548 2328 stoicae
568 2263 770 2338 sententiae
793 2285 899 2351 quam
921 2262 1051 2342 Quinto
1074 2262 1172 2329 fratri
1197 2259 1439 2349 explicandam

320 2368 514 2453 tribuittll‚
537 2390 599 2457 per
619 2369 809 2436 Carneadia
835 2376 1042 2458 argumenta
1057 2370 1132 2457 ipse
1166 2370 1214 2435 ita
1237 2366 1439 2436 adversatus

321 2481 384 2557 est,
395 2483 433 2542 ut
450 2504 464 2535 n
484 2477 731 2561 superstitione
740 2477 893 2544 tollenda
904 2477 1111 2567 religionem
1122 2476 1272 2544 tolleres
1289 2497 1439 2564 senega-

322 2584 449 2670 ret(8):
469 2582 561 2671 quod
582 2590 699 2650 autem
720 2585 920 2680 etiamtum
942 2612 958 2645 «
982 2583 1153 2672 majorum
1169 2582 1329 2649 instituta
1350 2584 1439 2649 tueri

320 2689 428 2755 sacris
447 2690 739 2778 caerimoniisque
766 2691 957 2759 retinendis
984 2692 1151 2781 sapientis
1175 2712 1250 2756 esse
1271 2718 1286 2750 »
1316 2690 1365 2755 ait
1386 2690 1437 2778 (9)

325 2796 431 2882 [sicut
442 2795 483 2862 de
499 2795 652 2862 colendis
666 2798 718 2863 dis
728 2797 987 2865 immortalibus
1004 2798 1139 2864 Cottam
1156 2804 1276 2863 contra
1290 2795 1436 2862 Balbum

320 2902 368 2969 sic
384 2901 619 2990 disputantem
636 2902 729 2977 fecit.
741 2911 780 2970 ut
794 2904 968 2994 majorum
983 2905 1170 2971 auctoritas
1187 2926 1204 2966 ‹
1221 2903 1325 2968 etiam
1341 2901 1438 2968 nulla

319 3010 451 3075 ratione
467 3008 602 3076 reddita
625 3038 640 3070 »
665 3010 740 3100 ipsa
761 3033 821 3100 per
845 3034 880 3077 se
900 3012 985 3081 satis
1010 3011 1125 3078 valere
1159 3007 1283 3075 debere
1307 3008 1437 3074 dicere-

318 3118 411 3197 turtl
422 3116 492 3206 tl)]‚
508 3154 544 3165 -
560 3115 687 3183 idcirco
698 3116 845 3205 dignum
860 3116 926 3184 fuit
938 3116 1222 3191 ostendereeum
1233 3116 1267 3180 in
1281 3116 1436 3182 oratione

320 3220 458 3310 publica
481 3222 679 3290 Stoicorum
706 3224 856 3291 rationes
878 3246 1085 3313 -quarum
1106 3222 1246 3312 quidem
1272 3222 1433 3288 ultimam

317 3329 577 3395 conclusionem
598 3331 761 3418 privatim
780 3354 846 3397 non
877 3332 1040 3420 probaret
1060 3371 1097 3381 -
1120 3330 1292 3418 majorum
1317 3333 1435 3396 aucto-

318 3435 413 3502 ritati
428 3435 615 3525 adjungere
631 3438 809 3505 maluisse.

349 3656 381 3719 p)
399 3637 436 3707 cf.
448 3658 613 3707 ninevitae.
632 3658 652 3716 r,
665 3660 697 3718 e;
712 3659 749 3707 ne
763 3658 824 3706 Nat.
841 3659 914 3708 deor.
930 3659 963 3717 n,
980 3659 1091 3706 ree-raa.

348 3728 380 3791 (9)
393 3729 430 3778 Cf.
447 3730 484 3777 De
497 3730 616 3778 Divinnt.
633 3730 652 3788 l,
669 3732 696 3787 5;
713 3730 750 3778 De
760 3730 822 3778 Nat.
839 3730 911 3778 deor.
928 3730 962 3788 ll,
976 3732 1029 3777 162.

350 3801 383 3863 (3)
395 3800 433 3849 De
445 3801 555 3849 Divinat
569 3801 589 3859 1,
601 3804 615 3849 5
629 3816 635 3861 3
651 3802 689 3849 ta.
708 3828 736 3837 -
752 3800 828 3859 Quod
841 3800 875 3849 ad
886 3799 1051 3849 Carneadem
1068 3800 1173 3857 attinet,
1190 3818 1201 3842 «
1223 3800 1433 3849 concertationis

323 3870 413 3921 studio
438 3873 519 3921 modo
542 3873 592 3921 boc
615 3871 696 3921 modo
712 3872 778 3922 illud
801 3872 936 3922 dicentem
949 3891 971 3925 a.
987 3874 1018 3921 V.
1037 3873 1074 3920 De
1098 3871 1186 3919 Dicin.
1203 3871 1223 3928 Ι,
1236 3871 1250 3918 't
1265 3872 1330 3930 ;69;
1347 3871 1378 3929 ΙΙ,
1398 3873 1411 3918 9
1426 3885 1432 3927 ;
1522 3930 1525 3937 Ι

349 4014 381 4073 (4)
396 4014 467 4063 llaec
478 4014 560 4063 verba
575 4016 709 4064 sumimus
722 4030 736 4065 e
749 4015 818 4065 libro
831 4016 853 4064 ΙΙ
869 4016 906 4063 De
921 4014 1019 4077 Lepid.²
1035 4017 1073 4062 32.
1088 4013 1126 4063 cf.
1143 4014 1180 4062 De
1191 4014 1254 4063 Not.
1267 4014 1351 4071 deon,
1363 4013 1432 4070 ll,3;

316 4084 453 4133 DeDivin.
467 4086 487 4143 l,
501 4088 524 4143 9,
536 4087 574 4134 to.

348 4155 381 4217 (5)
397 4157 435 4204 De
451 4156 538 4218 Lepid.
555 4157 587 4215 ΙΙ,
602 4159 684 4204 32-33.
734 4173 737 4177 ·

348 4226 380 4287 (6)
399 4227 507 4275 DeNat.
524 4228 598 4275 deor.
619 4227 664 4288 111,
680 4229 718 4275 96.
731 4227 768 4276 Cl.
783 4228 820 4277 De
835 4228 952 4276 Dicinot.
971 4229 990 4285 1,
1006 4230 1029 4276 9.

348 4298 380 4357 (Ι)
397 4298 427 4345 ln
440 4297 509 4346 libro
523 4298 546 4357 Ι;
563 4298 652 4347 Cicero
671 4301 765 4347 contra
776 4298 841 4349 dicit
852 4301 881 4348 in
893 4299 962 4348 libro
978 4300 1010 4347 ll.

347 4369 378 4430 (8)
391 4370 429 4417 De
446 4370 564 4417 Divinot.
582 4370 614 4427 ll,
631 4372 739 4418 rsa-rte.
758 4372 955 4434 -Quanquam
970 4371 1026 4433 ipse
1050 4367 1149 4417 Balbus
1162 4368 1191 4417 in
1207 4382 1257 4417 sua
1276 4368 1363 4417 stoica
1377 4367 1432 4416 dis-

315 4441 455 4501 putatione
472 4440 518 4500 (De
541 4440 603 4489 Not,
626 4442 697 4489 deor.
713 4442 744 4493 ll,
761 4444 843 4503 6342)
858 4441 983 4504 explicat.
1008 4439 1145 4502 quomodo
1171 4440 1254 4489 Stoici
1284 4440 1337 4502 ipsi
1352 4439 1432 4501 (sicut

316 4510 500 4560 Rornanorum
515 4532 525 4554 «
543 4512 660 4574 majores
675 4514 696 4575 n)
712 4530 722 4557 n
739 4514 960 4577 superstitionem
973 4528 989 4563 a
1003 4511 1133 4575 religione
1150 4514 1341 4574 separarent».

350 4583 381 4643 (9)
394 4582 555 4633 DeDivinat.
573 4585 605 4643 ll,
618 4586 670 4634 148.

350 4654 400 4715 (10)
415 4654 454 4703 De
465 4654 528 4706 Nat.
542 4656 613 4705 deor.
629 4657 674 4717 ΙΙΙ,
686 4658 708 4705 6.
724 4655 761 4706 Cl.
778 4658 801 4715 9,
813 4658 839 4705 et
850 4659 887 4704 ta.
