3742 5167
779 543 954 609 ..61-

314 711 512 793 iterantem,
534 715 625 800 quod
655 712 685 779 is
708 714 821 802 primo
846 713 920 803 jam
935 712 1144 795 declarabat,
1172 737 1208 781 se
1236 737 1276 782 ea
1302 715 1429 794 studia.
1514 783 1516 788 .

316 840 435 908 «quae
451 819 525 907 ipse
543 832 624 885 'non
640 821 812 909 attigisset
827 819 874 909 (l)
897 845 927 898 a,
956 821 990 886 in
1007 825 1156 900 oratore,
1175 848 1191 882 α
1212 842 1350 889 summo
1366 822 1433 889 sci-

314 924 395 992 licet
410 950 441 1005 n,
465 926 643 1014 requirere
665 925 724 1016 (2).

357 1034 471 1122 Atque
487 1034 651 1100 extremis
665 1035 804 1123 quidem
825 1035 930 1125 hujus
950 1036 1122 1102 sermonis
1139 1034 1254 1102 verbis
1273 1035 1429 1102 Horten·

268 1202 277 1219 ,
314 1140 405 1205 sium
431 1138 690 1207 adulescentem
717 1141 765 1206 ita
781 1139 955 1230 designari
980 1140 1073 1213 fecit,
1102 1145 1141 1206 ut
1159 1162 1238 1207 eum
1268 1138 1432 1206 omnibus

314 1244 486 1325 laudibus,
526 1268 612 1335 quas
649 1248 804 1314 oratione
834 1246 1036 1336 complexus
1068 1251 1170 1321 esset,
1205 1245 1430 1312 excellentem

261 1430 262 1435 γ
312 1354 385 1420 iore
411 1352 554 1420 Crassus
568 1359 799 1443 auguraretur
811 1356 865 1441 (3)
880 1378 887 1421 :
903 1354 996 1421 hunc
1014 1352 1173 1421 videlicet
1190 1352 1356 1419 honorem
1371 1352 1429 1419 lit·

312 1469 420 1527 terate
450 1461 606 1527 tribuere
637 1462 755 1528 Cicero
776 1462 885 1529 voluit
919 1462 951 1529 ei
985 1460 1099 1527 adhuc
1126 1461 1258 1528 viventi
1278 1462 1429 1547 aemule,

314 1590 330 1633 <t
351 1589 430 1634 cum
450 1590 518 1658 quo
531 1572 664 1635 certare
690 1568 876 1657 gloriosius
897 1569 965 1635 sibi
991 1569 1113 1635 fuisset
1135 1590 1151 1631 n
1184 1569 1236 1650 (ul
1256 1568 1429 1656 posterius

310 1676 505 1763 scripturus
543 1678 659 1760 erat)u
681 1697 786 1764 quam
815 1676 958 1743 omnino
987 1674 1228 1741 adversarium
1265 1696 1336 1740 non
1370 1674 1430 1741 ha·

312 1779 392 1848 bere
403 1806 420 1847 n
437 1782 501 1871 (l);
520 1780 626 1848 sedin
642 1803 681 1847 eo
700 1780 798 1863 libro,
816 1804 918 1871 quem
932 1780 1089 1870 ejusdem
1100 1780 1231 1847 mortui
1247 1780 1429 1869 ingenium

311 1888 359 1953 sic
378 1888 683 1955 commemorando
695 1911 796 1955 orsus
810 1894 874 1972 est,
889 1926 927 1937 -
945 1910 997 1967 eu,
1013 1887 1205 1975 quiBratus
1226 1886 1368 1964 dicitur,
1386 1925 1429 1937 -

312 1996 394 2061 satis
422 1996 644 2085 significavit,
673 1999 709 2064 in
726 2020 830 2086 quern
851 2002 946 2063 tanta
966 1996 1051 2080 laus,
1080 1999 1246 2083 quantam
1261 1992 1425 2076 diximus,

310 2102 427 2170 verius
442 2102 682 2170 transferenda
702 2107 816 2169 esset:
835 2124 904 2190 quo
930 2101 965 2166 in
982 2100 1084 2183 libro,
1109 2106 1293 2187 postquam
1315 2106 1428 2166 oralo-

267 2214 269 2217 ’
312 2231 389 2275 rum
404 2210 533 2297 gradus
566 2214 765 2297 aetatesque
789 2206 956 2296 usquead
976 2193 1200 2272 Hortensium
1221 2206 1367 2274 notavit.
1389 2250 1427 2259 -

311 2316 370 2384 ubi
390 2316 432 2383 ad
457 2339 532 2383 eam
549 2322 697 2383 aetatem
736 2316 904 2404 pervenit,
932 2335 1013 2402 qua,
1043 2312 1354 2379 (deflorescentes
1378 2312 1426 2400 (5)

305 2421 378 2510 jam
399 2422 595 2498 Hortensio,
630 2423 704 2511 ipse
731 2445 747 2486 u
776 2422 911 2487 animos
947 2420 1130 2485 hominum
1160 2418 1201 2485 ad
1234 2440 1269 2484 se
1288 2417 1426 2486 dicendi

309 2530 461 2596 novitate
473 2536 677 2597 convertens
695 2555 710 2589 »
728 2526 929 2617 inducitur(
954 2529 975 2613 ),
990 2567 1032 2576 -
1045 2525 1170 2592 lumad
1187 2525 1425 2607 indicandum,

309 2657 398 2723 quae
417 2637 477 2703 illa
495 2663 510 2698 n
538 2635 674 2703 dicendi
689 2638 825 2703 novitas
846 2663 860 2695 o
878 2641 980 2712 esset,
1001 2634 1049 2701 eis
1066 2631 1181 2701 verbis
1197 2634 1318 2715 utitur,
1337 2655 1426 2722 quae

309 2743 482 2831 quomodo
508 2742 549 2809 ad
571 2744 648 2810 illas
673 2744 925 2832 disputationes
943 2769 958 2803 «
977 2741 1018 2807 de
1033 2744 1174 2807 Oratore
1198 2769 1212 2799 »
1239 2741 1425 2830 inscriptas

308 2849 429 2916 referri
446 2851 578 2939 possint
597 2851 654 2917 vix
666 2850 943 2917 animadvertere
960 2870 1097 2915 necesse
1113 2854 1185 2914 est:

343 3038 421 3092 Nihil
448 3040 483 3093 de
506 3056 552 3093 me
570 3039 680 3093 dicam:
700 3040 796 3095 dicam
821 3040 856 3093 de
883 3037 999 3105 ceteris,
1028 3052 1157 3107 quorum
1187 3052 1274 3089 nemo
1296 3035 1425 3105 eratqui

307 3128 455 3182 videretur
466 3128 642 3196 exquisitius
658 3144 747 3197 quarn
762 3127 1029 3199 vulgnshominum
1045 3126 1194 3182 studuisse
1203 3127 1314 3192 titteris,
1325 3125 1425 3195 quibus

306 3218 369 3284 fons
378 3215 878 3287 perfectaeeloquentiaecontinetur‚
889 3233 967 3271 nemo
982 3219 1031 3287 qui
1042 3215 1250 3285 philosophiam
1265 3216 1424 3282 complacue

308 3312 374 3359 esset
388 3312 504 3361 matrem
521 3308 643 3359 oneratum
665 3307 730 3360 bene
744 3308 886 3373 sactorum
901 3304 1021 3375 beneque
1036 3306 1184 3373 dictorum,
1199 3321 1287 3359 nemo
1308 3305 1360 3374 qui
1373 3306 1424 3375 jus

308 3392 391 3449 civile
404 3395 554 3449 didicisset
568 3411 632 3449 rem
646 3395 682 3449 ad
695 3384 822 3465 privatas
837 3410 943 3449 causas
964 3400 994 3448 et
1021 3394 1057 3450 ad
1081 3394 1208 3449 oratoris
1233 3394 1424 3464 prudentiam

307 3484 433 3538 maxime
444 3484 655 3550 necessariam,
665 3500 752 3538 nemo
765 3484 813 3554 qui
826 3484 1002 3538 memoriam
1018 3499 1119 3537 rerum
1131 3486 1332 3538 Romanarum
1343 3486 1423 3536 tene-

305 3578 397 3639 ret...
415 3590 502 3627 nemo
518 3573 568 3644 qui
583 3573 706 3628 dilatare
721 3579 822 3642 posset
837 3580 925 3643 atque
939 3590 956 3628 a
968 3574 1089 3644 propria
1105 3588 1140 3627 ac
1155 3572 1277 3627 definita
1291 3572 1424 3642 disputa-

305 3661 386 3716 tione
405 3662 580 3718 hominisac
606 3663 749 3732 temporis
777 3662 814 3717 ad
838 3679 1027 3717 communem
1054 3661 1263 3734 quaestionem
1291 3660 1423 3715 universi

305 3752 424 3823 generis
440 3753 607 3807 orationem
623 3752 779 3808 traducere
800 3750 810 3823 (
829 3752 872 3823 )...
1387 3739 1391 3744 ’

351 3936 392 4002 Et
413 3936 567 4025 quidem,
592 3978 612 3986 -
635 3937 802 4004 aldeista
814 3937 1105 4004 vixdissimulata
1120 3938 1174 4003 sui
1186 3936 1351 4003 laudandi
1369 3960 1421 4004 ar-

340 4190 371 4251 (Ι)
389 4190 422 4240 Ut
433 4190 505 4239 idem
520 4189 593 4250 dicit,
606 4192 643 4241 De
658 4193 712 4251 On,
729 4193 745 4252 l,
766 4196 804 4243 tu.
868 4192 870 4196 ’

337 4261 371 4322 (2)
386 4262 423 4310 De
439 4261 494 4321 Or„
512 4262 556 4321 ΙΙΙ,
571 4264 655 4322 83-84,
669 4265 707 4312 90.

338 4333 370 4395 (3)
386 4334 423 4381 De
440 4334 494 4392 Or,
506 4334 551 4392 ΙΙΙ,
567 4337 611 4383 223
631 4336 693 4383 230:
711 4354 752 4385 α...
768 4334 837 4383 nihil
854 4335 900 4385 isti
911 4334 1078 4385 adulescenti
1092 4349 1180 4398 neque
1196 4340 1319 4387 enatura
1333 4352 1421 4402 neque

306 4405 460 4453 adoetrina
474 4405 567 4455 deesse
583 4407 712 4467 sentio...‚
729 4426 740 4451 »
759 4410 809 4455 etc.

338 4475 370 4537 (4)
387 4474 424 4525 (ΙΙ.
438 4477 525 4535 Brut,
542 4479 562 4525 3.

337 4546 369 4608 (5)
386 4546 429 4595 Sic
444 4546 515 4596 deco
525 4549 646 4611 loquitur
663 4550 693 4598 in
702 4550 794 4608 Bruto,
807 4551 860 4597 317.

337 4616 369 4679 (6)
385 4618 472 4677 Brut,
488 4621 604 4668 ann-321.

338 4689 369 4751 (Ι)
385 4690 470 4747 Brut..
482 4692 539 4750 3223
552 4705 584 4740 ea
593 4692 858 4756 excerpsimus‚quae
869 4694 986 4743 maxime
995 4694 1028 4743 ad
1041 4708 1098 4743 rem
1110 4699 1282 4758 praesentem
1293 4698 1419 4752 attinent.
