3742 5167
72 4319 84 4697 ·*—*-·*-wu—-=—n
74 4263 82 4292 a-

1428 1205 1429 1208 ¹
1491 1178 1783 1256 CAPUT
1832 1179 1931 1247 IV

1391 1383 1599 1437 ATQUE
1649 1384 1999 1429 CONCLUSIO
2011 1414 2024 1428 .

599 1578 942 1658 Quomodo
986 1578 1216 1647 Cicero
1256 1579 1440 1647 ineis
1471 1579 1681 1661 libris,
1720 1602 1885 1669 quos
1932 1580 2014 1648 de
2038 1579 2336 1670 propriis
2352 1581 2830 1672 philosophiae

679 1688 872 1752 rebus
901 1685 1193 1775 scripsit,
1253 1708 1450 1753 suam
1522 1686 2000 1777 adjunqendae
2058 1687 2311 1755 oratori
2357 1688 2830 1779 philosophiae*

683 1792 1050 1878 formulam
1088 1792 1358 1882 explere
1379 1792 1511 1860 sibi
1538 1793 1679 1882 ipse
1711 1795 1891 1860 visus
1912 1807 2029 1862 est.

1697 2088 1720 2144 1

685 2288 798 2355 Sic
813 2286 1111 2375 judicari
1137 2292 1384 2376 potest,
1420 2286 1769 2378 quomodo
1793 2310 1991 2355 suam
2022 2287 2096 2354 in
2128 2288 2341 2356 variis
2367 2288 2830 2380 philosophiis

595 2394 1062 2463 eruditionem
1105 2394 1344 2462 Cicero
1369 2394 1452 2461 ad
1492 2395 1841 2462 forensem
1893 2395 2367 2485 eloquentiam
2406 2395 2826 2465 adhibuerit.

596 2503 741 2569 sive
782 2502 866 2569 de
926 2502 1176 2592 quavis
1229 2523 1472 2568 earum
1539 2505 1775 2589 aperte
1824 2500 2211 2568 disserendi
2268 2503 2697 2570 occasionem
2766 2509 2826 2569 in

597 2609 768 2699 ipsis
810 2610 1038 2675 causis
1067 2609 1435 2684 inveniret,
1486 2608 1631 2674 sive
1661 2629 1746 2674 ex
1783 2608 1869 2675 iis
1902 2606 1987 2675 ad
2052 2608 2402 2676 ornandos
2441 2632 2557 2677 eos
2615 2610 2826 2681 locffi„

596 2716 717 2805 qui
747 2715 826 2782 ad
856 2714 1371 2804 philosophiam
1404 2714 1707 2781 maxime
1729 2715 2185 2804 pertinerent,
2224 2740 2331 2784 res
2356 2723 2423 2784 et
2454 2721 2790 2785 sententia
2810 2745 2830 2776 -.-

593 2821 796 2888 tacite
829 2821 1144 2908 eligeret.
1188 2821 1420 2910 Atque
1451 2842 1613 2886 eum
1661 2819 1983 2888 videmus
2038 2822 2111 2888 in
2155 2825 2456 2912 propriis
2521 2824 2830 2913 philosa-

596 2925 898 3015 phorum
945 2926 1308 2992 sententiis
1373 2924 1898 3014 rationibusque
1954 2949 2076 3016 per
2115 2951 2276 2995 suas
2348 2931 2697 2998 orationes
2742 2933 2830 2997 ila

592 3031 979 3099 inserendis
1035 3031 1148 3099 vel
1222 3030 1406 3098 ultra
1460 3031 2049 3119 progredientem,
2099 3056 2310 3123 quam
2351 3041 2697 3123 quatenus
2766 3045 2826 3101 in

594 3138 938 3230 ejusmodi
990 3138 1198 3206 rebus
1239 3137 1323 3205 ad
1382 3137 1930 3208 commodiorem
1980 3139 2230 3206 talium
2285 3140 2601 3208 locorum
2660 3148 2830 3209 tran.-

514 3287 517 3290 ·
595 3247 932 3314 tationem
965 3254 1310 3313 oratorem
1340 3244 1604 3313 versari
1631 3243 1881 3312 debere
1920 3245 2070 3334 ipse
2098 3246 2171 3313 in
2202 3248 2406 3313 suis«
2441 3248 2762 3314 oratoriis
2802 3277 2830 3305 n

594 3352 792 3420 libris
815 3350 1271 3442 significabat.
1309 3350 1534 3432 Quem
1564 3351 1753 3419 enim
1774 3350 1858 3419 de
1886 3351 2370 3442 philosophiae
2399 3352 2483 3420 ad
2509 3352 2830 3443 eloquens

596 3459 765 3528 tiam
806 3458 1248 3550 adjunctione
1286 3459 1383 3525 ita
1411 3457 1869 3526 disserentem
1896 3459 2339 3547 agnovimuS‚
2382 3466 2718 3550 tanquam
2758 3485 2830 3529 [²11

592 3568 922 3634 universa
987 3572 1054 3634 et
1105 3565 1306 3656 quasi
1345 3564 1739 3632 communis
1779 3565 2105 3633 materies
2146 3566 2338 3633 omni
2382 3593 2413 3629 «
2459 3566 2653 3634 civili
2683 3591 2834 3633 ora-

595 3674 768 3741 tioni
807 3702 838 3737 ›>
882 3672 1192 3764 subjecta
1230 3678 1688 3761 spectaretur,
1723 3695 1935 3761 quam
1967 3672 2041 3739 in
2071 3670 2271 3739 libris
2318 3672 2401 3739 de
2436 3673 2830 3763 Republica,

595 3780 677 3847 de
701 3781 1006 3873 Leqibu5‚
1038 3780 1124 3847 de
1153 3778 1435 3870 Officiis,
1472 3780 1827 3868 inscriptis
1853 3779 1969 3846 vix
2008 3778 2233 3869 magis
2264 3786 2343 3848 ut
2367 3802 2655 3871 graecae
2684 3781 2794 3873 phi
2814 3825 2838 3831 -

589 3888 946 3977 losophiae
993 3886 1345 3956 studiosus
1407 3908 1618 3977 quam
1647 3892 1724 3953 ut
1767 3912 1798 3949 «
1834 3885 1942 3954 vir
1975 3892 2251 3975 togatus
2282 3915 2312 3948 »
2364 3888 2706 3970 tractavit²
2762 3933 2833 3937 —

594 4016 756 4062 eum
797 4017 920 4084 per
949 4016 1109 4062 suas
1149 3994 1496 4062 orationes
1533 4015 1670 4060 non
1723 3992 1939 4060 semel
1971 3992 2377 4061 invenimus
2418 3995 2493 4061 in
2525 3992 2834 4083 ejusdem

590 4102 865 4191 generis
909 4129 942 4163 «
996 4100 1256 4168 scholis
1299 4128 1333 4163 »
1368 4100 1843 4189 exprimendis
1871 4099 2075 4189 quasi
2129 4123 2203 4168 se
2258 4107 2722 4185 exercentem,
2758 4129 2838 4169 rx

594 4206 849 4296 quibus
888 4207 1044 4273 illos
1076 4206 1293 4274 libros
1324 4206 1407 4273 de
1439 4205 2020 4274 reconditioribus
2080 4212 2149 4273 et
2188 4208 2492 4274 maxime
2551 4207 2830 4296 quidem

598 4312 1021 4381 Graecorum
1062 4313 1640 4403 philosophorum
1671 4313 1972 4402 propriis
2003 4312 2557 4403 quaestionibuS,
2605 4352 2690 4364 —-
2726 4337 2842 4381 rie-

599 4418 706 4487 lut
738 4418 821 4487 de
853 4442 1131 4488 summo
1158 4419 1336 4487 bono
1359 4419 1482 4511 (1),
1509 4418 1593 4487 de
1614 4420 1873 4488 virtute
1890 4418 2130 4488 beatae
2150 4421 2335 4490 vitae
2353 4420 2838 4513 effectrice[‘2][÷‚

675 4604 744 4669 (1)
775 4604 839 4653 In
865 4603 1022 4654 libris
1050 4604 1128 4654 De
1147 4604 1388 4653 Finibus,

679 4678 750 4739 (2)
768 4675 849 4726 Ad
874 4676 1015 4725 hanc
1042 4674 1335 4726 formulam
1368 4675 1485 4739 ipse
1514 4674 1850 4724 Tusculanas
1878 4688 2003 4725 suas
2035 4674 2246 4740 redigit,
2277 4676 2353 4725 De
2380 4676 2615 4726 Divinat.
2650 4676 2714 4733 ΙΙ1
2742 4677 2786 4725 52.
