3742 5167
781 534 959 601 -73-

317 702 456 793 copiose
471 694 665 769 disserebat
689 699 750 788 (1),
777 701 815 767 in
830 722 893 767 sua
907 698 1203 768 demonstratione
1223 719 1264 765 eo
1289 718 1432 787 progre-

318 810 428 881 diens,
447 816 482 875 ut
500 808 609 875 facete
624 806 775 885 doceret,
791 828 848 873 eas
863 805 1083 896 cupiditates,
1095 826 1184 894 quae
1199 802 1433 894 objicerentur

318 917 446 997 Caelio,
469 924 572 1005 atque
591 936 631 981 ea
655 911 773 981 studia
791 914 955 994 oratoria,
972 914 1009 980 in
1034 912 1163 1002 quibus
1183 912 1277 979 idem
1297 933 1334 978 se
1348 912 1433 978 satis

296 1097 298 1101 ,
318 1023 507 1114 profecisse
522 1020 743 1104 ostendisset,
773 1050 789 1084 «
804 1045 873 1090 non
889 1022 990 1089 facile
1006 1023 1042 1088 in
1059 1021 1181 1089 eodem
1196 1020 1341 1087 homine
1357 1041 1432 1086 esse

318 1148 419 1221 posse
439 1131 487 1219 (2)
506 1154 535 1195 n.
555 1130 676 1218 Neque
689 1151 783 1215 vero,
797 1129 880 1220 quia
903 1129 989 1197 tales
1001 1129 1065 1197 loci
1079 1129 1116 1193 in
1135 1127 1223 1217 ipsis
1240 1126 1432 1193 multarum

317 1256 503 1305 causarum
523 1235 639 1305 nervis
664 1235 887 1311 inhaerentes
914 1236 1045 1304 oratori
1064 1233 1351 1315 obversabantur,
1380 1231 1433 1298 id-

317 1346 408 1412 circo
421 1342 613 1411 multorum
629 1349 808 1410 oratorum
828 1349 901 1411 erat
921 1366 994 1424 eos,
1016 1342 1164 1408 -sicut
1183 1341 1302 1410 Cicero
1318 1340 1433 1407 facere

318 1449 385 1518 sibi
400 1448 597 1532 videbatur,
614 1488 659 1500 -
675 1470 797 1516 earum
817 1451 1085 1533 sententiarum,
1104 1470 1193 1537 quae
1212 1446 1254 1514 ad
1278 1447 1432 1536 philoso-

319 1553 439 1646 phiam
455 1554 624 1622 moralem
648 1554 877 1643 pertinerent,
895 1554 1119 1645 adjunctione
1138 1576 1318 1622 exornare.

363 1662 412 1729 De
438 1688 454 1723 «
485 1658 711 1749 conjecturali
738 1682 906 1749 genere»
934 1662 1123 1751 separatim
1151 1659 1320 1728 hactenus
1345 1661 1434 1728 dixi-

319 1788 397 1832 mus
415 1784 422 1831 :
444 1782 551 1847 nunc,
568 1766 598 1832 si
613 1765 655 1833 ad
671 1765 856 1855 reliquas«
873 1769 1172 1837 constitutiones»
1189 1771 1433 1839 transierimus

321 1872 464 1962 [neque,
483 1878 620 1963 praeter
639 1892 816 1939 summam
840 1894 963 1941 earum
990 1897 1010 1942 a
1033 1876 1213 1965 superiore
1240 1876 1434 1945 distinctio·

318 2002 412 2065 nem,
428 1981 471 2047 ad
492 2002 565 2047 rem
586 1982 741 2046 nostram
757 1980 914 2063 interest,
933 1982 970 2049 in
990 1982 1040 2048 eis
1058 1982 1249 2068 partiendis
1268 1990 1303 2051 et
1319 1984 1432 2052 rheto-

317 2108 373 2153 res
392 2087 485 2154 inter
497 2108 533 2153 se
547 2084 631 2152 satis
651 2082 859 2154 dissensisse
880 2085 927 2176 (3)
944 2092 977 2154 et
994 2087 1193 2157 Ciceronem
1210 2113 1278 2158 non
1296 2114 1434 2182 semper

318 2215 438 2261 secum
468 2193 612 2259 omnino
640 2193 838 2261 consentire
865 2193 944 2283 (1)],
967 2192 1040 2284 jam
1073 2196 1117 2263 ab
1145 2197 1195 2264 eis
1228 2198 1320 2278 locis,
1345 2221 1434 2289 quos

319 2307 379 2368 aut
392 2300 598 2367 Aristoteles
613 2304 674 2364 aut
690 2298 923 2389 Hermagoras
947 2301 1173 2387 tradiderant,
1194 2307 1377 2374 veniemus
1391 2305 1435 2375 ad

320 2428 396 2475 eam
413 2406 523 2496 ipsam
546 2408 783 2496 amplificandi
799 2410 985 2482 rationem.
1007 2434 1115 2501 quam
1135 2414 1255 2483 Cicero
1275 2439 1337 2483 sua
1357 2439 1434 2507 pro-

320 2515 394 2603 pria
415 2514 622 2581 auctoritate
641 2522 675 2582 et
693 2516 853 2606 exemplo
880 2517 1032 2584 maxime
1051 2520 1334 2594 commendavit:
1351 2546 1434 2591 nam

320 2622 354 2687 in
372 2619 544 2710 ejusmodi
563 2624 842 2705 constitutiones,
864 2645 954 2713 quae
969 2630 1030 2691 aut
1049 2624 1086 2690 in
1105 2624 1300 2711 definitione
1319 2635 1378 2695 aut
1397 2629 1431 2694 in

318 2728 491 2817 nequitate
506 2736 732 2797 versarentur
746 2730 807 2820 (5),
825 2732 899 2821 ipsa
919 2731 1131 2820 significavit
1154 2733 1202 2825 (6)
1230 2734 1265 2801 id
1281 2734 1433 2803 maxime

237 2898 239 2904 .
317 2834 451 2910 cadere,
469 2834 560 2924 quod
575 2836 611 2902 in
628 2862 644 2897 n
662 2837 845 2905 excellenti
860 2845 1028 2906 oratore»
1045 2841 1250 2929 requireret,
1267 2849 1305 2908 ut
1320 2865 1340 2909 a
1355 2863 1435 2931 pro-

321 2941 407 3030 priis
428 2942 587 3030 personis
606 2948 641 3006 et
658 2942 875 3035 temporibus
895 2942 938 3010 ad
959 2966 1182 3012 communem
1202 2948 1359 3014 universi
1374 2969 1434 3036 ge-

318 3048 413 3114 neris
433 3048 674 3136 quaestionem
700 3050 940 3117 controversia
966 3048 1222 3146 traduceretur·
1236 3050 1283 3141 (Ι)
1302 3074 1309 3121 :
1327 3075 1433 3142 quam

321 3182 336 3214 «
358 3152 555 3221 dilatandae
576 3155 780 3221 »orationis
809 3155 999 3222 formulam
1027 3157 1088 3244 qui
1100 3166 1325 3246 sequeretur,
1350 3161 1434 3227 satis

319 3260 469 3349 intelligi
486 3268 597 3350 potest
612 3283 692 3327 eum
708 3263 743 3326 in
763 3260 1059 3351 philosophorum
1079 3265 1180 3352 quasi
1205 3292 1221 3324 e
1248 3268 1434 3355 possessio-

318 3388 381 3433 nes
395 3394 411 3428 »
435 3368 574 3456 saepius
589 3367 711 3434 deduci
726 3367 887 3435 debuisse
905 3388 912 3435 :
930 3368 1027 3436 velut
1042 3370 1077 3434 in
1089 3367 1228 3435 Milonis
1243 3392 1361 3454 causa,
1374 3370 1433 3437 ubi

321 3495 386 3540 non
408 3473 449 3541 de
463 3474 569 3563 facto,
590 3473 649 3541 sed
669 3473 711 3540 de
728 3474 809 3562 jure
827 3472 1082 3565 ambigebatur,
1097 3473 1139 3542 de
1155 3476 1210 3542 sui
1225 3474 1433 3544 defendendi

350 3686 384 3748 (1)
399 3684 451 3734 Pro
465 3684 561 3744 Caelio,
574 3687 602 3733 ii
614 3699 664 3748 sqq

351 3756 384 3818 (2)
397 3756 465 3807 ibid.
482 3758 565 3805 15-16.

351 3828 383 3893 (3)
397 3828 431 3877 Ut
443 3829 509 3878 satis
524 3829 642 3891 apparet,
656 3827 679 3877 si
694 3828 725 3877 de
748 3840 779 3877 ea
804 3824 948 3890 partitione
976 3824 1144 3875 Rtetoricorn
1165 3840 1181 3875 <r
1199 3827 1236 3874 od
1247 3826 1435 3875 Herennium»

319 3896 420 3947 dietam
437 3913 499 3948 oum
516 3899 592 3949 libris
608 3899 646 3947 De
660 3899 815 3947 Inventione
831 3896 1004 3946 conterimus.
1027 3897 1108 3945 -De
1123 3898 1212 3946 cetero
1228 3896 1259 3945 V.
1274 3896 1435 3955 Quintiliani

319 3970 407 4019 instit.
423 3973 491 4018 orat.
503 3970 550 4021 lib.
566 3970 612 4027 ΙΙΙ,
629 3985 690 4034 cap.
711 3972 740 4018 6:
757 3988 768 4012 n
781 3968 848 4027 Quot
864 3971 890 4016 et
901 3969 947 4031 qni
958 3970 1055 4016 status.
1073 3987 1084 4010 »

351 4040 383 4103 (1)
399 4042 468 4090 Nam
480 4042 509 4089 in
523 4041 591 4091 libro
609 4042 629 4090 u
641 4042 673 4089 de
687 4041 799 4091 Oratore
812 4040 935 4103 (110-113)
952 4040 1003 4088 hoc
1015 4052 1111 4101 genus,
1125 4037 1234 4100 quodin
1248 4038 1340 4101 scripti
1353 4037 1435 4088 inter-

318 4113 469 4175 pretatione
490 4116 621 4170 versatur,
638 4111 671 4161 ad
686 4124 780 4175 genus,
794 4110 822 4159 in
838 4124 891 4174 quo
906 4110 1045 4173 quaeritur
1060 4124 1071 4152 n
1086 4108 1167 4171 quale
1183 4108 1218 4157 sit
1245 4124 1267 4166 r,
1291 4107 1433 4171 adiungit3

268 4202 269 4205 ¹
318 4182 390 4232 idem
414 4187 505 4233 autem
526 4198 611 4246 genus
627 4184 655 4232 in
677 4182 753 4232 libris
778 4181 811 4231 cte
824 4182 988 4239 Inventione,
1001 4181 1030 4228 in
1052 4180 1142 4227 Pnrtit
1154 4181 1222 4227 orat.
1239 4179 1363 4240 (101-108,
1381 4181 1426 4228 iai

319 4256 399 4317 sqq),
415 4256 443 4303 in
460 4254 562 4316 Topicis
577 4256 680 4317 (95-96),
692 4253 725 4303 ab
741 4252 802 4302 aliis
813 4252 920 4316 seponit
935 4250 983 4313 ((11.
999 4251 1082 4299 etiam
1097 4251 1135 4297 De
1153 4250 1238 4308 Orat,
1250 4250 1269 4308 l,
1286 4251 1355 4310 110).

350 4326 382 4388 (5)
399 4326 541 4389 Definitiva
555 4328 582 4374 et
595 4324 728 4388 generatis
752 4322 961 4386 appellabantur
978 4336 984 4370 :
1003 4322 1052 4369 has
1067 4324 1122 4368 tres
1137 4320 1348 4370 constitutiones
1372 4335 1434 4367 eon-

313 4395 486 4459 jecturotem,
496 4396 669 4459 definitivam,
684 4394 846 4458 peneratem,
858 4393 949 4442 Cicero
960 4393 1116 4441 constanter
1131 4391 1281 4454 distinguit.
1298 4389 1335 4439 Gi.
1352 4390 1434 4440 etiam

352 4538 383 4600 (6)
413 4538 528 4596 0r.,126
545 4538 598 4601 (ι...
615 4537 669 4586 nisi
685 4550 748 4585 curn
769 4534 802 4584 de
825 4548 888 4583 vero
904 4532 1060 4598 ambigitur,
1077 4531 1148 4597 quod
1169 4533 1254 4596 queri
1277 4532 1433 4597 conjectura

320 4608 389 4659 solet
404 4610 435 4671 s).

352 4682 385 4743 (Ι)
401 4680 446 4730 Or.
462 4682 499 4738 15,
516 4680 577 4739 liin
591 4680 666 4727 Brut.
681 4679 726 4727 322
740 4691 746 4738 ;
760 4676 860 4725 Partit.
876 4690 925 4735 or.,
943 4676 1000 4735 1063
1012 4676 1051 4724 De
1065 4676 1108 4725 Or.
1126 4677 1158 4735 li,
1172 4678 1217 4725 132
1234 4689 1293 4739 sqq.
