<?xml version="1.0" encoding="UTF-8"?>
<!DOCTYPE html PUBLIC "-//W3C//DTD XHTML 1.0 Transitional//EN"
    "http://www.w3.org/TR/xhtml1/DTD/xhtml1-transitional.dtd">
<html xmlns="http://www.w3.org/1999/xhtml" xml:lang="en" lang="en">
 <head>
  <title>
</title>
<meta http-equiv="Content-Type" content="text/html;charset=utf-8" />
  <meta name='ocr-system' content='tesseract 3.04.00' />
  <meta name='ocr-capabilities' content='ocr_page ocr_carea ocr_par ocr_line ocrx_word'/>
</head>
<body>
  <div class='ocr_page' id='page_1' title='image "./quantumphilosop01liebgoog_0053.png"; bbox 0 0 3742 5167; ppageno 0'>
   <div class='ocr_carea' id='block_1_1' title="bbox 763 537 942 601">
    <p class='ocr_par' dir='ltr' id='par_1_1' title="bbox 763 537 942 601">
     <span class='ocr_line' id='line_1_1' title="bbox 763 537 942 601; baseline -0.006 -15"><span class='ocrx_word' id='word_1_1' title='bbox 763 537 942 601; x_wconf 65' lang='lat'>„41-</span> 
     </span>
    </p>
   </div>
   <div class='ocr_carea' id='block_1_2' title="bbox 284 699 1503 3973">
    <p class='ocr_par' dir='ltr' id='par_1_2' title="bbox 284 699 1503 3973">
     <span class='ocr_line' id='line_1_2' title="bbox 298 699 1417 792; baseline -0.007 -18"><span class='ocrx_word' id='word_1_2' title='bbox 298 706 507 774; x_wconf 89' lang='lat' dir='ltr'>moditatem</span> <span class='ocrx_word' id='word_1_3' title='bbox 536 706 654 773; x_wconf 89' lang='lat' dir='ltr'>relatis</span> <span class='ocrx_word' id='word_1_4' title='bbox 683 727 765 772; x_wconf 88' lang='lat' dir='ltr'>suae</span> <span class='ocrx_word' id='word_1_5' title='bbox 798 702 958 792; x_wconf 89' lang='lat' dir='ltr'>utrisque</span> <span class='ocrx_word' id='word_1_6' title='bbox 984 699 1160 767; x_wconf 89' lang='lat' dir='ltr'>doctrinae</span> <span class='ocrx_word' id='word_1_7' title='bbox 1182 738 1224 750; x_wconf 90' lang='lat'><em>-</em></span> <span class='ocrx_word' id='word_1_8' title='bbox 1254 700 1417 788; x_wconf 89' lang='lat' dir='ltr'>quamvis</span> 
     </span>
     <span class='ocr_line' id='line_1_3' title="bbox 299 806 1417 901; baseline -0.008 -20"><span class='ocrx_word' id='word_1_9' title='bbox 299 814 512 881; x_wconf 83' lang='lat' dir='ltr'>diversae·</span> <span class='ocrx_word' id='word_1_10' title='bbox 535 812 577 879; x_wconf 91' lang='lat' dir='ltr'>de</span> <span class='ocrx_word' id='word_1_11' title='bbox 606 813 760 901; x_wconf 77' lang='lat' dir='ltr'>sapiente</span> <span class='ocrx_word' id='word_1_12' title='bbox 792 816 826 877; x_wconf 91' lang='lat' dir='ltr'>et</span> <span class='ocrx_word' id='word_1_13' title='bbox 856 809 897 876; x_wconf 91' lang='lat' dir='ltr'>de</span> <span class='ocrx_word' id='word_1_14' title='bbox 924 807 1028 876; x_wconf 92' lang='lat' dir='ltr'>rebus</span> <span class='ocrx_word' id='word_1_15' title='bbox 1061 806 1162 874; x_wconf 90' lang='lat' dir='ltr'>honis</span> <span class='ocrx_word' id='word_1_16' title='bbox 1195 813 1299 896; x_wconf 90' lang='lat' dir='ltr'>atque</span> <span class='ocrx_word' id='word_1_17' title='bbox 1315 806 1417 873; x_wconf 86' lang='lat' dir='ltr'>malis</span> 
     </span>
     <span class='ocr_line' id='line_1_4' title="bbox 299 913 1418 1011; baseline -0.008 -22"><span class='ocrx_word' id='word_1_18' title='bbox 299 920 453 1011; x_wconf 89' lang='lat' dir='ltr'>objectae</span> <span class='ocrx_word' id='word_1_19' title='bbox 464 927 557 1011; x_wconf 87' lang='lat' dir='ltr'>sunt,</span> <span class='ocrx_word' id='word_1_20' title='bbox 575 925 756 1008; x_wconf 87' lang='lat' dir='ltr'>propterea</span> <span class='ocrx_word' id='word_1_21' title='bbox 775 916 864 1007; x_wconf 88' lang='lat' dir='ltr'>quod</span> <span class='ocrx_word' id='word_1_22' title='bbox 887 916 986 982; x_wconf 85' lang='lat' dir='ltr'>alteri</span> <span class='ocrx_word' id='word_1_23' title='bbox 999 915 1190 1004; x_wconf 88' lang='lat' dir='ltr'>sapientem</span> <span class='ocrx_word' id='word_1_24' title='bbox 1206 938 1226 981; x_wconf 88' lang='lat' dir='ltr'>a</span> <span class='ocrx_word' id='word_1_25' title='bbox 1241 913 1418 1003; x_wconf 81' lang='lat' dir='ltr'>republica</span> 
     </span>
     <span class='ocr_line' id='line_1_5' title="bbox 301 1025 1418 1106; baseline -0.003 -11"><span class='ocrx_word' id='word_1_26' title='bbox 301 1036 334 1095; x_wconf 89' lang='lat' dir='ltr'>et</span> <span class='ocrx_word' id='word_1_27' title='bbox 358 1032 400 1094; x_wconf 89' lang='lat' dir='ltr'>ab</span> <span class='ocrx_word' id='word_1_28' title='bbox 425 1028 520 1094; x_wconf 93' lang='lat' dir='ltr'>omni</span> <span class='ocrx_word' id='word_1_29' title='bbox 549 1026 664 1093; x_wconf 84' lang='lat' dir='ltr'>officio</span> <span class='ocrx_word' id='word_1_30' title='bbox 697 1025 1038 1106; x_wconf 84' lang='lat' dir='ltr'>civiliamovarent,</span> <span class='ocrx_word' id='word_1_31' title='bbox 1077 1027 1267 1094; x_wconf 86' lang='lat' dir='ltr'>alterorum</span> <span class='ocrx_word' id='word_1_32' title='bbox 1300 1033 1418 1093; x_wconf 90' lang='lat' dir='ltr'>autem</span> 
     </span>
     <span class='ocr_line' id='line_1_6' title="bbox 304 1130 1419 1223; baseline 0 -22"><span class='ocrx_word' id='word_1_33' title='bbox 304 1142 484 1223; x_wconf 88' lang='lat' dir='ltr'>praecepta</span> <span class='ocrx_word' id='word_1_34' title='bbox 499 1134 572 1201; x_wconf 90' lang='lat' dir='ltr'>sive</span> <span class='ocrx_word' id='word_1_35' title='bbox 589 1132 692 1199; x_wconf 91' lang='lat' dir='ltr'>rebus</span> <span class='ocrx_word' id='word_1_36' title='bbox 706 1133 779 1199; x_wconf 89' lang='lat' dir='ltr'>sive</span> <span class='ocrx_word' id='word_1_37' title='bbox 794 1130 909 1199; x_wconf 88' lang='lat' dir='ltr'>verbis</span> <span class='ocrx_word' id='word_1_38' title='bbox 930 1154 950 1198; x_wconf 95' lang='lat' dir='ltr'>a</span> <span class='ocrx_word' id='word_1_39' title='bbox 976 1131 1157 1200; x_wconf 88' lang='lat' dir='ltr'>civitatum</span> <span class='ocrx_word' id='word_1_40' title='bbox 1174 1132 1330 1217; x_wconf 86' lang='lat' dir='ltr'>moribus</span> <span class='ocrx_word' id='word_1_41' title='bbox 1351 1139 1419 1201; x_wconf 91' lang='lat' dir='ltr'>eta</span> 
     </span>
     <span class='ocr_line' id='line_1_7' title="bbox 301 1238 1419 1330; baseline -0.002 -21"><span class='ocrx_word' id='word_1_42' title='bbox 301 1243 394 1310; x_wconf 91' lang='lat' dir='ltr'>vitae</span> <span class='ocrx_word' id='word_1_43' title='bbox 406 1238 656 1308; x_wconf 88' lang='lat' dir='ltr'>consuetudine</span> <span class='ocrx_word' id='word_1_44' title='bbox 672 1238 909 1317; x_wconf 72' lang='lat' dir='ltr'><strong>abhorrerent,</strong></span> <span class='ocrx_word' id='word_1_45' title='bbox 928 1276 955 1285; x_wconf 44' lang='grc' dir='ltr'><em>ν</em></span> <span class='ocrx_word' id='word_1_46' title='bbox 982 1239 1030 1305; x_wconf 92' lang='lat' dir='ltr'>ita</span> <span class='ocrx_word' id='word_1_47' title='bbox 1041 1239 1289 1329; x_wconf 87' lang='lat' dir='ltr'>Peripateticos</span> <span class='ocrx_word' id='word_1_48' title='bbox 1300 1242 1419 1330; x_wconf 90' lang='lat' dir='ltr'>eisque</span> 
     </span>
     <span class='ocr_line' id='line_1_8' title="bbox 302 1345 1417 1436; baseline -0.005 -22"><span class='ocrx_word' id='word_1_49' title='bbox 302 1347 483 1436; x_wconf 86' lang='lat' dir='ltr'>adjunctos</span> <span class='ocrx_word' id='word_1_50' title='bbox 504 1353 637 1413; x_wconf 90' lang='lat' dir='ltr'>veteres</span> <span class='ocrx_word' id='word_1_51' title='bbox 650 1346 874 1413; x_wconf 80' lang='lat' dir='ltr'>Academicos</span> <span class='ocrx_word' id='word_1_52' title='bbox 889 1345 1039 1433; x_wconf 91' lang='lat' dir='ltr'>optimos</span> <span class='ocrx_word' id='word_1_53' title='bbox 1056 1374 1072 1408; x_wconf 94' lang='lat'>«</span> <span class='ocrx_word' id='word_1_54' title='bbox 1091 1348 1255 1415; x_wconf 74' lang='lat' dir='ltr'>scientiae</span> <span class='ocrx_word' id='word_1_55' title='bbox 1271 1348 1383 1424; x_wconf 85' lang='lat' dir='ltr'>civilis</span> <span class='ocrx_word' id='word_1_56' title='bbox 1402 1377 1417 1409; x_wconf 88' lang='lat'>»</span> 
     </span>
     <span class='ocr_line' id='line_1_9' title="bbox 304 1450 1420 1543; baseline 0 -24"><span class='ocrx_word' id='word_1_57' title='bbox 304 1457 555 1542; x_wconf 68' lang='lat' dir='ltr'>praeceptores</span> <span class='ocrx_word' id='word_1_58' title='bbox 584 1459 688 1541; x_wconf 90' lang='lat' dir='ltr'>atque</span> <span class='ocrx_word' id='word_1_59' title='bbox 719 1450 858 1518; x_wconf 89' lang='lat' dir='ltr'>eosdem</span> <span class='ocrx_word' id='word_1_60' title='bbox 879 1452 912 1516; x_wconf 94' lang='lat' dir='ltr'>in</span> <span class='ocrx_word' id='word_1_61' title='bbox 941 1452 1013 1518; x_wconf 92' lang='lat' dir='ltr'>suis</span> <span class='ocrx_word' id='word_1_62' title='bbox 1040 1454 1231 1543; x_wconf 82' lang='lat' dir='ltr'>praeceptis</span> <span class='ocrx_word' id='word_1_63' title='bbox 1264 1453 1420 1521; x_wconf 89' lang='lat' dir='ltr'>modera-</span> 
     </span>
     <span class='ocr_line' id='line_1_10' title="bbox 302 1557 1420 1648; baseline 0.001 -22"><span class='ocrx_word' id='word_1_64' title='bbox 302 1568 356 1627; x_wconf 81' lang='lat' dir='ltr'>tos</span> <span class='ocrx_word' id='word_1_65' title='bbox 389 1566 668 1648; x_wconf 87' lang='lat' dir='ltr'>temperatosque</span> <span class='ocrx_word' id='word_1_66' title='bbox 691 1558 798 1624; x_wconf 88' lang='lat' dir='ltr'>fuisse</span> <span class='ocrx_word' id='word_1_67' title='bbox 827 1558 909 1623; x_wconf 87' lang='lat' dir='ltr'>satis</span> <span class='ocrx_word' id='word_1_68' title='bbox 934 1557 1138 1640; x_wconf 89' lang='lat' dir='ltr'>constabat;</span> <span class='ocrx_word' id='word_1_69' title='bbox 1165 1583 1274 1627; x_wconf 87' lang='lat' dir='ltr'>novae</span> <span class='ocrx_word' id='word_1_70' title='bbox 1303 1568 1420 1627; x_wconf 87' lang='lat' dir='ltr'>autem</span> 
     </span>
     <span class='ocr_line' id='line_1_11' title="bbox 304 1663 1421 1753; baseline -0.001 -19"><span class='ocrx_word' id='word_1_71' title='bbox 304 1666 510 1734; x_wconf 81' lang='lat' dir='ltr'>Academiae</span> <span class='ocrx_word' id='word_1_72' title='bbox 531 1667 601 1733; x_wconf 92' lang='lat' dir='ltr'>vim</span> <span class='ocrx_word' id='word_1_73' title='bbox 626 1665 660 1729; x_wconf 95' lang='lat' dir='ltr'>in</span> <span class='ocrx_word' id='word_1_74' title='bbox 678 1663 886 1753; x_wconf 91' lang='lat' dir='ltr'>disputando</span> <span class='ocrx_word' id='word_1_75' title='bbox 906 1665 1081 1731; x_wconf 83' lang='lat' dir='ltr'>Arcesilas</span> <span class='ocrx_word' id='word_1_76' title='bbox 1101 1673 1135 1733; x_wconf 91' lang='lat' dir='ltr'>et</span> <span class='ocrx_word' id='word_1_77' title='bbox 1169 1666 1361 1735; x_wconf 86' lang='lat' dir='ltr'>Carneades</span> <span class='ocrx_word' id='word_1_78' title='bbox 1381 1690 1421 1734; x_wconf 92' lang='lat' dir='ltr'>eo</span> 
     </span>
     <span class='ocr_line' id='line_1_12' title="bbox 305 1770 1422 1852; baseline 0.001 -13"><span class='ocrx_word' id='word_1_79' title='bbox 305 1775 455 1840; x_wconf 86' lang='lat' dir='ltr'>maxime</span> <span class='ocrx_word' id='word_1_80' title='bbox 494 1771 684 1839; x_wconf 85' lang='lat' dir='ltr'>intendisse</span> <span class='ocrx_word' id='word_1_81' title='bbox 716 1770 927 1852; x_wconf 87' lang='lat' dir='ltr'>ferebantur,</span> <span class='ocrx_word' id='word_1_82' title='bbox 957 1778 995 1838; x_wconf 87' lang='lat' dir='ltr'>ut</span> <span class='ocrx_word' id='word_1_83' title='bbox 1030 1775 1302 1841; x_wconf 89' lang='lat' dir='ltr'>controversiam</span> <span class='ocrx_word' id='word_1_84' title='bbox 1332 1775 1422 1841; x_wconf 88' lang='lat' dir='ltr'>inter</span> 
     </span>
     <span class='ocr_line' id='line_1_13' title="bbox 307 1878 1422 1970; baseline -0.001 -24"><span class='ocrx_word' id='word_1_85' title='bbox 307 1880 553 1968; x_wconf 86' lang='lat' dir='ltr'>Peripateticos</span> <span class='ocrx_word' id='word_1_86' title='bbox 584 1886 617 1945; x_wconf 90' lang='lat' dir='ltr'>ct</span> <span class='ocrx_word' id='word_1_87' title='bbox 651 1879 784 1945; x_wconf 88' lang='lat' dir='ltr'>Stoicos</span> <span class='ocrx_word' id='word_1_88' title='bbox 809 1878 1004 1945; x_wconf 90' lang='lat' dir='ltr'>institutam</span> <span class='ocrx_word' id='word_1_89' title='bbox 1030 1887 1162 1947; x_wconf 91' lang='lat' dir='ltr'>—eta</span> <span class='ocrx_word' id='word_1_90' title='bbox 1184 1882 1422 1970; x_wconf 87' lang='lat' dir='ltr'>Peripateticis</span> 
     </span>
     <span class='ocr_line' id='line_1_14' title="bbox 306 1984 1422 2076; baseline 0.002 -25"><span class='ocrx_word' id='word_1_91' title='bbox 306 1985 447 2075; x_wconf 91' lang='lat' dir='ltr'>quidem</span> <span class='ocrx_word' id='word_1_92' title='bbox 473 1985 613 2052; x_wconf 90' lang='lat' dir='ltr'>mollius</span> <span class='ocrx_word' id='word_1_93' title='bbox 650 1990 831 2051; x_wconf 82' lang='lat' dir='ltr'>tractatam</span> <span class='ocrx_word' id='word_1_94' title='bbox 854 1984 900 2073; x_wconf 99' lang='grc'>(1)</span> <span class='ocrx_word' id='word_1_95' title='bbox 935 2026 975 2033; x_wconf 93' lang='grc'>-</span> <span class='ocrx_word' id='word_1_96' title='bbox 1001 1985 1235 2075; x_wconf 83' lang='lat' dir='ltr'>disceptarent</span> <span class='ocrx_word' id='word_1_97' title='bbox 1260 1986 1321 2076; x_wconf 85' lang='grc'>(2).</span> <span class='ocrx_word' id='word_1_98' title='bbox 1355 1987 1422 2053; x_wconf 87' lang='lat' dir='ltr'>Sed</span> 
     </span>
     <span class='ocr_line' id='line_1_15' title="bbox 307 2091 1424 2181; baseline 0.001 -22"><span class='ocrx_word' id='word_1_99' title='bbox 307 2101 422 2159; x_wconf 89' lang='lat' dir='ltr'>tamen</span> <span class='ocrx_word' id='word_1_100' title='bbox 443 2092 510 2181; x_wconf 92' lang='lat' dir='ltr'>ipsi</span> <span class='ocrx_word' id='word_1_101' title='bbox 532 2091 812 2180; x_wconf 86' lang='lat' dir='ltr'>Peripateticidc</span> <span class='ocrx_word' id='word_1_102' title='bbox 839 2092 994 2180; x_wconf 88' lang='lat' dir='ltr'>sapiente</span> <span class='ocrx_word' id='word_1_103' title='bbox 1019 2092 1106 2160; x_wconf 89' lang='lat' dir='ltr'>etde</span> <span class='ocrx_word' id='word_1_104' title='bbox 1127 2092 1306 2160; x_wconf 87' lang='lat' dir='ltr'>retinenda</span> <span class='ocrx_word' id='word_1_105' title='bbox 1320 2096 1424 2160; x_wconf 85' lang='lat' dir='ltr'>affec-</span> 
     </span>
     <span class='ocr_line' id='line_1_16' title="bbox 307 2198 1422 2289; baseline -0.001 -23"><span class='ocrx_word' id='word_1_106' title='bbox 307 2207 407 2266; x_wconf 90' lang='lat' dir='ltr'>tuum</span> <span class='ocrx_word' id='word_1_107' title='bbox 429 2198 668 2266; x_wconf 87' lang='lat' dir='ltr'>mediocritate</span> <span class='ocrx_word' id='word_1_108' title='bbox 684 2222 724 2266; x_wconf 92' lang='lat' dir='ltr'>ea</span> <span class='ocrx_word' id='word_1_109' title='bbox 739 2198 906 2266; x_wconf 89' lang='lat' dir='ltr'>docebant</span> <span class='ocrx_word' id='word_1_110' title='bbox 920 2198 985 2289; x_wconf 85' lang='lat'>(3),</span> <span class='ocrx_word' id='word_1_111' title='bbox 1000 2221 1088 2288; x_wconf 88' lang='lat' dir='ltr'>quae</span> <span class='ocrx_word' id='word_1_112' title='bbox 1103 2200 1146 2267; x_wconf 93' lang='lat' dir='ltr'>ab</span> <span class='ocrx_word' id='word_1_113' title='bbox 1170 2200 1244 2289; x_wconf 88' lang='lat' dir='ltr'>ejus</span> <span class='ocrx_word' id='word_1_114' title='bbox 1261 2201 1422 2282; x_wconf 89' lang='lat' dir='ltr'>oratoris,</span> 
     </span>
     <span class='ocr_line' id='line_1_17' title="bbox 308 2305 1422 2398; baseline 0.002 -27"><span class='ocrx_word' id='word_1_115' title='bbox 308 2328 414 2396; x_wconf 88' lang='lat' dir='ltr'>quem</span> <span class='ocrx_word' id='word_1_116' title='bbox 435 2313 629 2393; x_wconf 88' lang='lat' dir='ltr'>quaereret,</span> <span class='ocrx_word' id='word_1_117' title='bbox 648 2305 762 2398; x_wconf 83' lang='lat' dir='ltr'>officio</span> <span class='ocrx_word' id='word_1_118' title='bbox 785 2327 978 2393; x_wconf 81' lang='lat' dir='ltr'>repugnare</span> <span class='ocrx_word' id='word_1_119' title='bbox 999 2305 1202 2374; x_wconf 88' lang='lat' dir='ltr'>Ciceronem</span> <span class='ocrx_word' id='word_1_120' title='bbox 1225 2330 1294 2374; x_wconf 91' lang='lat' dir='ltr'>non</span> <span class='ocrx_word' id='word_1_121' title='bbox 1309 2308 1422 2395; x_wconf 83' lang='lat' dir='ltr'>fugit:</span> 
     </span>
     <span class='ocr_line' id='line_1_18' title="bbox 308 2411 1503 2503; baseline 0.001 -24"><span class='ocrx_word' id='word_1_122' title='bbox 308 2411 493 2501; x_wconf 89' lang='lat' dir='ltr'>siquidem</span> <span class='ocrx_word' id='word_1_123' title='bbox 505 2435 573 2479; x_wconf 91' lang='lat' dir='ltr'>non</span> <span class='ocrx_word' id='word_1_124' title='bbox 590 2420 720 2479; x_wconf 90' lang='lat' dir='ltr'>temere</span> <span class='ocrx_word' id='word_1_125' title='bbox 731 2414 922 2479; x_wconf 89' lang='lat' dir='ltr'>Antonium</span> <span class='ocrx_word' id='word_1_126' title='bbox 934 2436 1038 2479; x_wconf 91' lang='lat' dir='ltr'>suum</span> <span class='ocrx_word' id='word_1_127' title='bbox 1049 2415 1097 2481; x_wconf 88' lang='lat' dir='ltr'>ita</span> <span class='ocrx_word' id='word_1_128' title='bbox 1110 2415 1309 2503; x_wconf 88' lang='lat' dir='ltr'>loquentem</span> <span class='ocrx_word' id='word_1_129' title='bbox 1329 2414 1423 2493; x_wconf 90' lang='lat' dir='ltr'>fecit,</span> <span class='ocrx_word' id='word_1_130' title='bbox 1498 2489 1503 2497; x_wconf 85' lang='lat'><strong>.</strong></span> 
     </span>
     <span class='ocr_line' id='line_1_19' title="bbox 308 2517 1425 2599; baseline 0.002 -13"><span class='ocrx_word' id='word_1_131' title='bbox 308 2526 428 2586; x_wconf 91' lang='lat' dir='ltr'>utnon</span> <span class='ocrx_word' id='word_1_132' title='bbox 452 2517 554 2585; x_wconf 91' lang='lat' dir='ltr'>modo</span> <span class='ocrx_word' id='word_1_133' title='bbox 575 2518 710 2599; x_wconf 84' lang='lat' dir='ltr'>illama</span> <span class='ocrx_word' id='word_1_134' title='bbox 743 2519 866 2586; x_wconf 87' lang='lat' dir='ltr'>Stoicis</span> <span class='ocrx_word' id='word_1_135' title='bbox 893 2520 1168 2587; x_wconf 89' lang='lat' dir='ltr'>commendatam</span> <span class='ocrx_word' id='word_1_136' title='bbox 1194 2528 1333 2598; x_wconf 66' lang='grc' dir='ltr'>ἀπάθειαν,</span> <span class='ocrx_word' id='word_1_137' title='bbox 1367 2522 1425 2587; x_wconf 91' lang='lat' dir='ltr'>sed</span> 
     </span>
     <span class='ocr_line' id='line_1_20' title="bbox 285 2625 1427 2713; baseline 0.002 -22"><span class='ocrx_word' id='word_1_138' title='bbox 285 2688 287 2691; x_wconf 84' lang='lat'>.</span> <span class='ocrx_word' id='word_1_139' title='bbox 308 2625 514 2693; x_wconf 89' lang='lat' dir='ltr'>etiamhanc</span> <span class='ocrx_word' id='word_1_140' title='bbox 527 2625 836 2713; x_wconf 89' lang='lat' dir='ltr'>Peripateticorum</span> <span class='ocrx_word' id='word_1_141' title='bbox 858 2635 1069 2707; x_wconf 78' lang='grc' dir='ltr'>μετριοπάθειαν</span> <span class='ocrx_word' id='word_1_142' title='bbox 1086 2627 1128 2694; x_wconf 90' lang='lat' dir='ltr'>ab</span> <span class='ocrx_word' id='word_1_143' title='bbox 1144 2629 1293 2695; x_wconf 90' lang='lat' dir='ltr'>oratorio</span> <span class='ocrx_word' id='word_1_144' title='bbox 1317 2628 1427 2695; x_wconf 84' lang='lat' dir='ltr'>conci-</span> 
     </span>
     <span class='ocr_line' id='line_1_21' title="bbox 310 2731 1426 2801; baseline 0.001 -3"><span class='ocrx_word' id='word_1_145' title='bbox 310 2731 495 2798; x_wconf 91' lang='lat' dir='ltr'>tandorum</span> <span class='ocrx_word' id='word_1_146' title='bbox 519 2731 575 2799; x_wconf 90' lang='lat' dir='ltr'>vel</span> <span class='ocrx_word' id='word_1_147' title='bbox 592 2733 741 2798; x_wconf 80' lang='lat' dir='ltr'>maxime</span> <span class='ocrx_word' id='word_1_148' title='bbox 755 2734 953 2800; x_wconf 91' lang='lat' dir='ltr'>animorum</span> <span class='ocrx_word' id='word_1_149' title='bbox 967 2757 1113 2801; x_wconf 87' lang='lat' dir='ltr'>munere</span> <span class='ocrx_word' id='word_1_150' title='bbox 1132 2733 1319 2801; x_wconf 86' lang='lat' dir='ltr'>abhorrere</span> <span class='ocrx_word' id='word_1_151' title='bbox 1335 2734 1426 2801; x_wconf 92' lang='lat' dir='ltr'>indi-</span> 
     </span>
     <span class='ocr_line' id='line_1_22' title="bbox 310 2838 1427 2931; baseline 0.001 -26"><span class='ocrx_word' id='word_1_152' title='bbox 310 2846 403 2906; x_wconf 90' lang='lat' dir='ltr'>caret</span> <span class='ocrx_word' id='word_1_153' title='bbox 419 2838 476 2926; x_wconf 83' lang='grc'>(1).</span> <span class='ocrx_word' id='word_1_154' title='bbox 501 2838 597 2919; x_wconf 77' lang='lat' dir='ltr'>Quod</span> <span class='ocrx_word' id='word_1_155' title='bbox 616 2840 644 2904; x_wconf 91' lang='lat' dir='ltr'>si</span> <span class='ocrx_word' id='word_1_156' title='bbox 670 2839 778 2926; x_wconf 81' lang='lat' dir='ltr'>igitur</span> <span class='ocrx_word' id='word_1_157' title='bbox 793 2840 868 2927; x_wconf 82' lang='lat' dir='ltr'>ejus</span> <span class='ocrx_word' id='word_1_158' title='bbox 884 2842 1023 2928; x_wconf 82' lang='lat' dir='ltr'>generis</span> <span class='ocrx_word' id='word_1_159' title='bbox 1039 2848 1316 2931; x_wconf 90' lang='lat' dir='ltr'>praeceptorum,</span> <span class='ocrx_word' id='word_1_160' title='bbox 1339 2863 1427 2929; x_wconf 90' lang='lat' dir='ltr'>quae</span> 
     </span>
     <span class='ocr_line' id='line_1_23' title="bbox 311 2946 1426 3034; baseline -0.001 -21"><span class='ocrx_word' id='word_1_161' title='bbox 311 2947 352 3013; x_wconf 92' lang='lat' dir='ltr'>ad</span> <span class='ocrx_word' id='word_1_162' title='bbox 373 2954 471 3023; x_wconf 73' lang='grc' dir='ltr'>ἠθικὴν</span> <span class='ocrx_word' id='word_1_163' title='bbox 485 2947 710 3034; x_wconf 87' lang='lat' dir='ltr'>pertinerent,</span> <span class='ocrx_word' id='word_1_164' title='bbox 725 2946 811 3013; x_wconf 91' lang='lat' dir='ltr'>ratio</span> <span class='ocrx_word' id='word_1_165' title='bbox 824 2948 975 3013; x_wconf 86' lang='lat' dir='ltr'>maxime</span> <span class='ocrx_word' id='word_1_166' title='bbox 993 2946 1151 3014; x_wconf 89' lang='lat' dir='ltr'>habenda</span> <span class='ocrx_word' id='word_1_167' title='bbox 1172 2955 1274 3029; x_wconf 89' lang='lat' dir='ltr'>esset,</span> <span class='ocrx_word' id='word_1_168' title='bbox 1289 2988 1332 2997; x_wconf 89' lang='lat'><strong>—</strong></span> <span class='ocrx_word' id='word_1_169' title='bbox 1347 2969 1426 3014; x_wconf 92' lang='lat' dir='ltr'>cum</span> 
     </span>
     <span class='ocr_line' id='line_1_24' title="bbox 312 3051 1425 3141; baseline 0 -22"><span class='ocrx_word' id='word_1_170' title='bbox 312 3053 430 3119; x_wconf 89' lang='lat' dir='ltr'>Cicero</span> <span class='ocrx_word' id='word_1_171' title='bbox 448 3053 530 3119; x_wconf 90' lang='lat' dir='ltr'>haec</span> <span class='ocrx_word' id='word_1_172' title='bbox 550 3052 617 3118; x_wconf 88' lang='lat' dir='ltr'>tria</span> <span class='ocrx_word' id='word_1_173' title='bbox 636 3053 763 3117; x_wconf 89' lang='lat' dir='ltr'>oratori</span> <span class='ocrx_word' id='word_1_174' title='bbox 795 3051 976 3119; x_wconf 83' lang='lat' dir='ltr'>efficienda</span> <span class='ocrx_word' id='word_1_175' title='bbox 1002 3076 1077 3120; x_wconf 91' lang='lat' dir='ltr'>esse</span> <span class='ocrx_word' id='word_1_176' title='bbox 1097 3076 1233 3141; x_wconf 88' lang='lat' dir='ltr'>semper</span> <span class='ocrx_word' id='word_1_177' title='bbox 1253 3054 1425 3135; x_wconf 88' lang='lat' dir='ltr'>statuerit,</span> 
     </span>
     <span class='ocr_line' id='line_1_25' title="bbox 284 3151 1428 3248; baseline 0.001 -22"><span class='ocrx_word' id='word_1_178' title='bbox 284 3213 290 3219; x_wconf 90' lang='lat'><em>.</em></span> <span class='ocrx_word' id='word_1_179' title='bbox 314 3189 328 3220; x_wconf 76' lang='grc' dir='ltr'>α</span> <span class='ocrx_word' id='word_1_180' title='bbox 348 3166 385 3226; x_wconf 89' lang='lat' dir='ltr'>ut</span> <span class='ocrx_word' id='word_1_181' title='bbox 404 3158 642 3241; x_wconf 76' lang='lat' dir='ltr'>docereturiS,</span> <span class='ocrx_word' id='word_1_182' title='bbox 657 3158 746 3248; x_wconf 92' lang='lat' dir='ltr'>apud</span> <span class='ocrx_word' id='word_1_183' title='bbox 769 3181 872 3247; x_wconf 90' lang='lat' dir='ltr'>quem</span> <span class='ocrx_word' id='word_1_184' title='bbox 893 3158 1039 3242; x_wconf 88' lang='lat' dir='ltr'>dicatur,</span> <span class='ocrx_word' id='word_1_185' title='bbox 1066 3166 1103 3227; x_wconf 91' lang='lat' dir='ltr'>ut</span> <span class='ocrx_word' id='word_1_186' title='bbox 1128 3151 1369 3244; x_wconf 84' lang='lat' dir='ltr'>delectaretur,</span> <span class='ocrx_word' id='word_1_187' title='bbox 1391 3174 1428 3227; x_wconf 81' lang='lat' dir='ltr'>ut</span> 
     </span>
     <span class='ocr_line' id='line_1_26' title="bbox 313 3265 1428 3356; baseline -0.001 -23"><span class='ocrx_word' id='word_1_188' title='bbox 313 3278 502 3333; x_wconf 79' lang='lat' dir='ltr'>moveretur</span> <span class='ocrx_word' id='word_1_189' title='bbox 522 3265 782 3333; x_wconf 80' lang='lat' dir='ltr'>vehementius»</span> <span class='ocrx_word' id='word_1_190' title='bbox 809 3266 869 3356; x_wconf 85' lang='grc'>(5),</span> <span class='ocrx_word' id='word_1_191' title='bbox 897 3306 938 3315; x_wconf 86' lang='lat'>-</span> <span class='ocrx_word' id='word_1_192' title='bbox 964 3268 996 3333; x_wconf 91' lang='lat' dir='ltr'>ei</span> <span class='ocrx_word' id='word_1_193' title='bbox 1024 3268 1173 3334; x_wconf 87' lang='lat' dir='ltr'>oratoris</span> <span class='ocrx_word' id='word_1_194' title='bbox 1200 3267 1313 3334; x_wconf 88' lang='lat' dir='ltr'>officio</span> <span class='ocrx_word' id='word_1_195' title='bbox 1336 3267 1428 3355; x_wconf 90' lang='lat' dir='ltr'>quod</span> 
     </span>
     <span class='ocr_line' id='line_1_27' title="bbox 313 3363 1427 3464; baseline -0.001 -24"><span class='ocrx_word' id='word_1_196' title='bbox 313 3375 389 3463; x_wconf 91' lang='lat' dir='ltr'>ipse</span> <span class='ocrx_word' id='word_1_197' title='bbox 405 3374 453 3439; x_wconf 87' lang='lat' dir='ltr'>ait</span> <span class='ocrx_word' id='word_1_198' title='bbox 469 3401 484 3434; x_wconf 86' lang='lat'>«</span> <span class='ocrx_word' id='word_1_199' title='bbox 507 3373 691 3462; x_wconf 86' lang='lat' dir='ltr'>partitione</span> <span class='ocrx_word' id='word_1_200' title='bbox 710 3375 865 3454; x_wconf 89' lang='lat' dir='ltr'>tertium,</span> <span class='ocrx_word' id='word_1_201' title='bbox 888 3363 1220 3462; x_wconf 77' lang='lat' dir='ltr'>generemanimum</span> <span class='ocrx_word' id='word_1_202' title='bbox 1243 3402 1258 3436; x_wconf 91' lang='lat'>»</span> <span class='ocrx_word' id='word_1_203' title='bbox 1280 3396 1354 3441; x_wconf 88' lang='lat' dir='ltr'>csse</span> <span class='ocrx_word' id='word_1_204' title='bbox 1369 3373 1427 3464; x_wconf 81' lang='grc'>(6),</span> 
     </span>
     <span class='ocr_line' id='line_1_28' title="bbox 314 3480 1428 3571; baseline -0.002 -23"><span class='ocrx_word' id='word_1_205' title='bbox 314 3502 375 3571; x_wconf 89' lang='lat' dir='ltr'>per</span> <span class='ocrx_word' id='word_1_206' title='bbox 389 3480 637 3569; x_wconf 89' lang='lat' dir='ltr'>Peripateticos</span> <span class='ocrx_word' id='word_1_207' title='bbox 657 3482 768 3569; x_wconf 83' lang='lat' dir='ltr'>magis</span> <span class='ocrx_word' id='word_1_208' title='bbox 789 3504 870 3548; x_wconf 88' lang='lat' dir='ltr'>sane</span> <span class='ocrx_word' id='word_1_209' title='bbox 891 3504 997 3571; x_wconf 89' lang='lat' dir='ltr'>quam</span> <span class='ocrx_word' id='word_1_210' title='bbox 1029 3503 1090 3570; x_wconf 91' lang='lat' dir='ltr'>per</span> <span class='ocrx_word' id='word_1_211' title='bbox 1110 3481 1258 3565; x_wconf 87' lang='lat' dir='ltr'>Stoicos,</span> <span class='ocrx_word' id='word_1_212' title='bbox 1280 3481 1428 3547; x_wconf 89' lang='lat' dir='ltr'>sednon</span> 
     </span>
     <span class='ocr_line' id='line_1_29' title="bbox 314 3585 1429 3677; baseline 0.002 -26"><span class='ocrx_word' id='word_1_213' title='bbox 314 3587 414 3676; x_wconf 90' lang='lat' dir='ltr'>plane</span> <span class='ocrx_word' id='word_1_214' title='bbox 433 3594 549 3654; x_wconf 91' lang='lat' dir='ltr'>tamen</span> <span class='ocrx_word' id='word_1_215' title='bbox 563 3585 688 3653; x_wconf 87' lang='lat' dir='ltr'>licebat</span> <span class='ocrx_word' id='word_1_216' title='bbox 703 3587 876 3654; x_wconf 85' lang='lat' dir='ltr'>satisfieri.</span> <span class='ocrx_word' id='word_1_217' title='bbox 894 3589 1014 3677; x_wconf 90' lang='lat' dir='ltr'>Neque</span> <span class='ocrx_word' id='word_1_218' title='bbox 1040 3610 1121 3655; x_wconf 91' lang='lat' dir='ltr'>vero</span> <span class='ocrx_word' id='word_1_219' title='bbox 1145 3587 1212 3655; x_wconf 90' lang='lat' dir='ltr'>hoc</span> <span class='ocrx_word' id='word_1_220' title='bbox 1237 3590 1351 3654; x_wconf 90' lang='lat' dir='ltr'>solum</span> <span class='ocrx_word' id='word_1_221' title='bbox 1366 3610 1429 3654; x_wconf 91' lang='lat' dir='ltr'>nos</span> 
     </span>
     <span class='ocr_line' id='line_1_30' title="bbox 314 3692 1427 3783; baseline 0.001 -24"><span class='ocrx_word' id='word_1_222' title='bbox 314 3692 487 3774; x_wconf 82' lang='lat' dir='ltr'>admonet,</span> <span class='ocrx_word' id='word_1_223' title='bbox 519 3701 557 3760; x_wconf 91' lang='lat' dir='ltr'>ut</span> <span class='ocrx_word' id='word_1_224' title='bbox 584 3717 603 3759; x_wconf 89' lang='lat' dir='ltr'>a</span> <span class='ocrx_word' id='word_1_225' title='bbox 629 3692 865 3760; x_wconf 86' lang='lat' dir='ltr'>doctrinarum</span> <span class='ocrx_word' id='word_1_226' title='bbox 891 3695 1081 3760; x_wconf 90' lang='lat' dir='ltr'>moralium</span> <span class='ocrx_word' id='word_1_227' title='bbox 1109 3696 1368 3783; x_wconf 87' lang='lat' dir='ltr'>comparatione</span> <span class='ocrx_word' id='word_1_228' title='bbox 1387 3696 1427 3762; x_wconf 92' lang='lat' dir='ltr'>ad</span> 
     </span>
     <span class='ocr_line' id='line_1_31' title="bbox 315 3798 1427 3890; baseline 0.005 -28"><span class='ocrx_word' id='word_1_229' title='bbox 315 3798 464 3865; x_wconf 85' lang='lat' dir='ltr'>rationes</span> <span class='ocrx_word' id='word_1_230' title='bbox 484 3800 573 3866; x_wconf 88' lang='lat' dir='ltr'>alius</span> <span class='ocrx_word' id='word_1_231' title='bbox 597 3800 735 3888; x_wconf 86' lang='lat' dir='ltr'>generis</span> <span class='ocrx_word' id='word_1_232' title='bbox 759 3823 845 3882; x_wconf 89' lang='lat' dir='ltr'>rem,</span> <span class='ocrx_word' id='word_1_233' title='bbox 868 3801 909 3869; x_wconf 93' lang='lat' dir='ltr'>de</span> <span class='ocrx_word' id='word_1_234' title='bbox 934 3824 1003 3890; x_wconf 90' lang='lat' dir='ltr'>qua</span> <span class='ocrx_word' id='word_1_235' title='bbox 1026 3802 1241 3886; x_wconf 66' lang='lat' dir='ltr'>quaerimus</span> <span class='ocrx_word' id='word_1_236' title='bbox 1273 3801 1427 3869; x_wconf 89' lang='lat' dir='ltr'>traduca-</span> 
     </span>
     <span class='ocr_line' id='line_1_32' title="bbox 315 3927 404 3973; baseline 0.045 -4"><span class='ocrx_word' id='word_1_237' title='bbox 315 3927 404 3973; x_wconf 87' lang='lat' dir='ltr'>mus.</span> 
     </span>
    </p>
   </div>
   <div class='ocr_carea' id='block_1_3' title="bbox 317 4160 1432 4724">
    <p class='ocr_par' dir='ltr' id='par_1_3' title="bbox 348 4160 693 4222">
     <span class='ocr_line' id='line_1_33' title="bbox 348 4160 693 4222; baseline 0.003 -13"><span class='ocrx_word' id='word_1_238' title='bbox 348 4161 382 4222; x_wconf 90' lang='grc'>(1)</span> <span class='ocrx_word' id='word_1_239' title='bbox 394 4160 432 4209; x_wconf 89' lang='lat' dir='ltr'>Gl.</span> <span class='ocrx_word' id='word_1_240' title='bbox 449 4162 486 4209; x_wconf 83' lang='lat' dir='ltr'>De</span> <span class='ocrx_word' id='word_1_241' title='bbox 501 4160 640 4220; x_wconf 75' lang='lat' dir='ltr'>Finiblll,</span> <span class='ocrx_word' id='word_1_242' title='bbox 655 4163 693 4211; x_wconf 77' lang='grc'>11.</span> 
     </span>
    </p>

    <p class='ocr_par' dir='ltr' id='par_1_4' title="bbox 317 4232 1432 4437">
     <span class='ocr_line' id='line_1_34' title="bbox 348 4232 1432 4295; baseline -0.001 -14"><span class='ocrx_word' id='word_1_243' title='bbox 348 4235 381 4295; x_wconf 80' lang='grc'>(2)</span> <span class='ocrx_word' id='word_1_244' title='bbox 399 4232 436 4283; x_wconf 85' lang='lat' dir='ltr'>Gi.</span> <span class='ocrx_word' id='word_1_245' title='bbox 452 4232 556 4281; x_wconf 81' lang='lat' dir='ltr'>Tuscui.</span> <span class='ocrx_word' id='word_1_246' title='bbox 575 4233 617 4291; x_wconf 89' lang='lat' dir='ltr'>lV,</span> <span class='ocrx_word' id='word_1_247' title='bbox 633 4235 656 4280; x_wconf 90' lang='grc'>6.</span> <span class='ocrx_word' id='word_1_248' title='bbox 674 4234 782 4282; x_wconf 88' lang='lat' dir='ltr'>Etcum</span> <span class='ocrx_word' id='word_1_249' title='bbox 798 4233 903 4281; x_wconf 90' lang='lat' dir='ltr'>Zenone</span> <span class='ocrx_word' id='word_1_250' title='bbox 919 4232 1028 4295; x_wconf 84' lang='lat' dir='ltr'>quidem</span> <span class='ocrx_word' id='word_1_251' title='bbox 1055 4233 1173 4282; x_wconf 85' lang='lat' dir='ltr'>maxime</span> <span class='ocrx_word' id='word_1_252' title='bbox 1191 4232 1323 4281; x_wconf 88' lang='lat' dir='ltr'>Arcesilas</span> <span class='ocrx_word' id='word_1_253' title='bbox 1347 4234 1432 4281; x_wconf 87' lang='lat' dir='ltr'>certa-</span> 
     </span>
     <span class='ocr_line' id='line_1_35' title="bbox 317 4302 1432 4367; baseline -0.001 -15"><span class='ocrx_word' id='word_1_254' title='bbox 317 4317 380 4353; x_wconf 86' lang='lat' dir='ltr'>men</span> <span class='ocrx_word' id='word_1_255' title='bbox 397 4304 448 4353; x_wconf 89' lang='lat' dir='ltr'>sibi</span> <span class='ocrx_word' id='word_1_256' title='bbox 464 4304 617 4353; x_wconf 86' lang='lat' dir='ltr'>instituisse</span> <span class='ocrx_word' id='word_1_257' title='bbox 634 4302 733 4353; x_wconf 87' lang='lat' dir='ltr'>dicitur</span> <span class='ocrx_word' id='word_1_258' title='bbox 755 4304 836 4352; x_wconf 82' lang='lat' dir='ltr'>Acod.</span> <span class='ocrx_word' id='word_1_259' title='bbox 860 4307 959 4367; x_wconf 80' lang='lat' dir='ltr'>poster.</span> <span class='ocrx_word' id='word_1_260' title='bbox 980 4305 1000 4362; x_wconf 91' lang='lat'>1,</span> <span class='ocrx_word' id='word_1_261' title='bbox 1015 4307 1054 4362; x_wconf 70' lang='lat'>44,</span> <span class='ocrx_word' id='word_1_262' title='bbox 1071 4330 1097 4339; x_wconf 86' lang='lat'><em>-</em></span> <span class='ocrx_word' id='word_1_263' title='bbox 1122 4306 1191 4353; x_wconf 90' lang='lat' dir='ltr'>sicut</span> <span class='ocrx_word' id='word_1_264' title='bbox 1208 4302 1357 4353; x_wconf 87' lang='lat' dir='ltr'>Carneades</span> <span class='ocrx_word' id='word_1_265' title='bbox 1370 4318 1432 4353; x_wconf 86' lang='lat' dir='ltr'>curn</span> 
     </span>
     <span class='ocr_line' id='line_1_36' title="bbox 318 4374 923 4437; baseline -0.008 -12"><span class='ocrx_word' id='word_1_266' title='bbox 318 4376 414 4425; x_wconf 85' lang='lat' dir='ltr'>Stoicis</span> <span class='ocrx_word' id='word_1_267' title='bbox 427 4375 527 4437; x_wconf 83' lang='lat' dir='ltr'>bellum</span> <span class='ocrx_word' id='word_1_268' title='bbox 540 4376 666 4437; x_wconf 80' lang='lat' dir='ltr'>gessisse,</span> <span class='ocrx_word' id='word_1_269' title='bbox 684 4376 720 4423; x_wconf 81' lang='lat' dir='ltr'>De</span> <span class='ocrx_word' id='word_1_270' title='bbox 733 4374 819 4424; x_wconf 74' lang='lat' dir='ltr'>Finit.</span> <span class='ocrx_word' id='word_1_271' title='bbox 839 4376 872 4433; x_wconf 89' lang='grc'>11,</span> <span class='ocrx_word' id='word_1_272' title='bbox 886 4378 923 4423; x_wconf 80' lang='grc'>12.</span> 
     </span>
    </p>

    <p class='ocr_par' dir='ltr' id='par_1_5' title="bbox 348 4446 1028 4509">
     <span class='ocr_line' id='line_1_37' title="bbox 348 4446 1028 4509; baseline 0 -14"><span class='ocrx_word' id='word_1_273' title='bbox 348 4448 380 4509; x_wconf 86' lang='grc'>(3)</span> <span class='ocrx_word' id='word_1_274' title='bbox 393 4446 430 4495; x_wconf 85' lang='lat' dir='ltr'>Gi.</span> <span class='ocrx_word' id='word_1_275' title='bbox 448 4446 550 4495; x_wconf 77' lang='lat' dir='ltr'>Tuscul.</span> <span class='ocrx_word' id='word_1_276' title='bbox 567 4448 599 4496; x_wconf 91' lang='lat' dir='ltr'>IV</span> <span class='ocrx_word' id='word_1_277' title='bbox 616 4462 622 4503; x_wconf 89' lang='lat'><strong>;</strong></span> <span class='ocrx_word' id='word_1_278' title='bbox 642 4446 726 4495; x_wconf 84' lang='lat' dir='ltr'>Acad.</span> <span class='ocrx_word' id='word_1_279' title='bbox 739 4446 816 4509; x_wconf 83' lang='lat' dir='ltr'>prior</span> <span class='ocrx_word' id='word_1_280' title='bbox 846 4447 878 4504; x_wconf 87' lang='lat'>11,</span> <span class='ocrx_word' id='word_1_281' title='bbox 895 4447 959 4505; x_wconf 79' lang='lat'>135,</span> <span class='ocrx_word' id='word_1_282' title='bbox 976 4448 1028 4495; x_wconf 89' lang='lat' dir='ltr'>etc.</span> 
     </span>
    </p>

    <p class='ocr_par' dir='ltr' id='par_1_6' title="bbox 348 4517 1009 4581">
     <span class='ocr_line' id='line_1_38' title="bbox 348 4517 1009 4581; baseline 0.002 -15"><span class='ocrx_word' id='word_1_283' title='bbox 348 4518 381 4580; x_wconf 77' lang='lat' dir='ltr'>u)</span> <span class='ocrx_word' id='word_1_284' title='bbox 395 4517 433 4566; x_wconf 83' lang='lat' dir='ltr'>Gt.</span> <span class='ocrx_word' id='word_1_285' title='bbox 450 4518 488 4565; x_wconf 83' lang='lat' dir='ltr'>De</span> <span class='ocrx_word' id='word_1_286' title='bbox 507 4518 549 4567; x_wconf 83' lang='lat' dir='ltr'>Or.</span> <span class='ocrx_word' id='word_1_287' title='bbox 567 4518 586 4576; x_wconf 88' lang='lat' dir='ltr'>l,</span> <span class='ocrx_word' id='word_1_288' title='bbox 602 4520 655 4567; x_wconf 82' lang='lat'><strong>220.</strong></span> <span class='ocrx_word' id='word_1_289' title='bbox 669 4517 733 4568; x_wconf 89' lang='lat' dir='ltr'>Vide</span> <span class='ocrx_word' id='word_1_290' title='bbox 749 4531 838 4581; x_wconf 87' lang='lat' dir='ltr'>supra,</span> <span class='ocrx_word' id='word_1_291' title='bbox 848 4532 873 4581; x_wconf 89' lang='lat' dir='ltr'>p.</span> <span class='ocrx_word' id='word_1_292' title='bbox 891 4518 929 4576; x_wconf 84' lang='lat'>13,</span> <span class='ocrx_word' id='word_1_293' title='bbox 942 4531 969 4566; x_wconf 74' lang='lat' dir='ltr'>n,</span> <span class='ocrx_word' id='word_1_294' title='bbox 986 4518 1009 4567; x_wconf 86' lang='lat'>8.</span> 
     </span>
    </p>

    <p class='ocr_par' dir='ltr' id='par_1_7' title="bbox 349 4588 865 4653">
     <span class='ocr_line' id='line_1_39' title="bbox 349 4588 865 4653; baseline -0.002 -16"><span class='ocrx_word' id='word_1_295' title='bbox 349 4590 382 4650; x_wconf 82' lang='grc'>(5)</span> <span class='ocrx_word' id='word_1_296' title='bbox 395 4588 432 4638; x_wconf 85' lang='lat' dir='ltr'>cf.</span> <span class='ocrx_word' id='word_1_297' title='bbox 445 4590 520 4638; x_wconf 84' lang='lat' dir='ltr'>Brut.</span> <span class='ocrx_word' id='word_1_298' title='bbox 538 4592 580 4639; x_wconf 86' lang='grc'>185</span> <span class='ocrx_word' id='word_1_299' title='bbox 593 4606 599 4649; x_wconf 87' lang='grc'>;</span> <span class='ocrx_word' id='word_1_300' title='bbox 612 4591 638 4638; x_wconf 90' lang='lat' dir='ltr'>et</span> <span class='ocrx_word' id='word_1_301' title='bbox 651 4589 762 4653; x_wconf 89' lang='lat' dir='ltr'>passim.</span> <span class='ocrx_word' id='word_1_302' title='bbox 839 4638 841 4643; x_wconf 83' lang='grc'>,</span> <span class='ocrx_word' id='word_1_303' title='bbox 858 4627 865 4637; x_wconf 95' lang='grc'>.</span> 
     </span>
    </p>

    <p class='ocr_par' dir='ltr' id='par_1_8' title="bbox 350 4660 1018 4724">
     <span class='ocr_line' id='line_1_40' title="bbox 350 4660 1018 4724; baseline -0.001 -14"><span class='ocrx_word' id='word_1_304' title='bbox 350 4662 382 4724; x_wconf 89' lang='grc'>(6)</span> <span class='ocrx_word' id='word_1_305' title='bbox 399 4661 569 4724; x_wconf 83' lang='lat' dir='ltr'>Sicloquitur</span> <span class='ocrx_word' id='word_1_306' title='bbox 584 4662 612 4710; x_wconf 90' lang='lat' dir='ltr'>in</span> <span class='ocrx_word' id='word_1_307' title='bbox 628 4662 720 4719; x_wconf 81' lang='lat' dir='ltr'>Bruto,</span> <span class='ocrx_word' id='word_1_308' title='bbox 739 4662 797 4721; x_wconf 85' lang='grc'>198;</span> <span class='ocrx_word' id='word_1_309' title='bbox 814 4660 847 4710; x_wconf 85' lang='lat' dir='ltr'>cs.</span> <span class='ocrx_word' id='word_1_310' title='bbox 863 4661 948 4720; x_wconf 67' lang='lat' dir='ltr'>Orat„</span> <span class='ocrx_word' id='word_1_311' title='bbox 966 4662 1018 4710; x_wconf 77' lang='grc'>118.</span> 
     </span>
    </p>
   </div>
   <div class='ocr_carea' id='block_1_4' title="bbox 0 0 1901 5167">
    <p class='ocr_par' dir='ltr' id='par_1_9' title="bbox 0 0 1901 5167">
     <span class='ocr_line' id='line_1_41' title="bbox 0 0 1901 5167; baseline 0 0"><span class='ocrx_word' id='word_1_312' title='bbox 0 0 1901 5167; x_wconf 95' lang='lat' dir='ltr'> </span> 
     </span>
    </p>
   </div>
  </div>
 </body>
</html>
