3742 5167
834 716 1056 803 ipsam
1072 720 1254 781 recte
1267 712 1565 781 faciendi
1582 714 1923 785 rationem
1939 734 2213 780 summe
2227 709 2601 802 pertinere(
2611 711 2639 775 1
2654 709 2702 799 ),
2715 709 3061 777 ——idcirco

831 823 927 889 ita
973 823 1216 889 cadere
1256 819 1519 903 debuit,
1569 826 1648 887 ut
1700 843 1801 901 ea,
1862 842 2039 909 quae
2094 818 2177 885 de
2241 818 2453 885 variis
2485 815 3062 907 philosophorum

831 929 1164 997 doctrinis
1239 968 1266 977 -
1329 928 1652 1017 quamvis
1681 926 1764 993 ad
1794 926 2202 1014 popularem
2234 924 2767 1013 intelligentiam
2799 939 3064 988 accom-

837 1035 1112 1103 modata
1145 1035 1236 1124 (2)
1273 1040 1432 1101 —ut
1464 1032 1647 1122 apud
1669 1031 1978 1099 eruditos
2010 1030 2236 1102 dicere
2268 1053 2339 1098 se
2370 1031 2437 1096 in
2466 1020 2782 1119 pluribus
2814 1029 3065 1095 oratio-

834 1140 1042 1209 nibus
1066 1142 1158 1206 ait
1191 1141 1326 1228 (3),
1354 1139 1437 1207 ad
1469 1161 1712 1206 eorum
1737 1138 2018 1206 vivendi
2061 1143 2592 1227 praeceptorum
2618 1134 3063 1203 commenda-

829 1252 1092 1317 tionem
1149 1250 1488 1332 retulerit‚
1535 1271 1712 1338 quae
1788 1249 2029 1315 eadem
2096 1248 2165 1313 in
2216 1266 2494 1313 summa
2551 1248 2628 1310 ut
2686 1242 2790 1308 vir
2831 1238 3059 1307 civilis

829 1363 1038 1447 atque
1069 1365 1144 1424 ut
1175 1355 1633 1447 philosophus
1667 1356 1967 1422 maxime
1988 1353 2279 1444 probare
2331 1374 2403 1419 se
2435 1351 2789 1441 professus
2838 1353 2962 1414 est.

1916 1750 1989 1805 ΙΙΙ

922 2008 1009 2073 Et
1051 2029 1238 2085 vero,
1267 2008 1388 2097 qui
1427 2008 1774 2096 specimen
1796 2007 2143 2097 quoddam
2176 2010 2603 2077 constantiae
2628 2009 3063 2078 humanitate

832 2112 1264 2202 conjunctae,
1299 2113 1479 2179 sicut
1525 2110 1827 2179 diximus
1859 2112 1981 2202 (4),
2013 2113 2081 2178 in
2116 2136 2188 2179 se
2210 2116 2491 2203 agnosci
2540 2116 2839 2195 volebat,
2884 2116 3060 2206 ejus-

833 2221 991 2286 dem
1023 2219 1310 2285 omnino
1341 2225 1511 2300 erat,
1547 2241 1704 2285 cum
1739 2219 1807 2285 in
1847 2243 1971 2287 sua
1989 2242 2115 2309 pro
2146 2223 2433 2289 Murena
2461 2225 2771 2292 oratione
2803 2224 3063 2291 Stoico-

836 2346 993 2391 rum
1019 2323 1402 2391 doctrinam
1434 2323 1504 2391 in
1535 2322 1788 2392 Catone
1827 2329 2367 2416 reprehenderet
2405 2337 2741 2419 tanquam
2778 2360 2805 2390 «
2861 2330 3064 2420 paulo

834 2432 1256 2517 asperiorem
1301 2437 1421 2497 aut
1451 2430 1803 2497 duriorem
1880 2455 2089 2522 quam
2147 2442 2269 2501 aut
2328 2438 2579 2504 veritas
2641 2444 2757 2505 aut
2815 2446 3064 2504 natura

832 2542 1270 2626 pateretur»,
1323 2542 1472 2603 tum
1506 2537 2041 2605 moderatiorem
2066 2544 2767 2634 temperatioremque
2807 2544 3065 2611 Acade-
3125 2533 3126 2536 ¹

808 2644 1178 2709 ·micorum
1210 2643 1651 2733 disciplinam
1680 2645 1793 2726 ita,
1826 2652 1903 2711 ut
1946 2646 2134 2732 fecit,
2170 2649 2309 2715 illis
2342 2673 2691 2741 opponere
2753 2651 2873 2741 (5).
2913 2653 3060 2719 Non

831 2773 967 2839 quo
997 2752 1149 2839 ipsa
1179 2750 1570 2817 Stoicorum
1604 2760 1967 2842 praecepta
2006 2778 2045 2820 a
2088 2756 2621 2845 praescribenda
2666 2786 2696 2820 «
2732 2758 3062 2824 humani-

831 2863 969 2924 tate
1010 2888 1035 2917 »
1081 2865 1549 2946 repugnarent
1590 2861 1691 2949 (6)
1731 2880 1744 2926 ε
1783 2860 2071 2949 sedjam
2116 2863 2764 2948 animadvertimus,
2801 2865 3066 2932 Cicero-

833 2986 993 3031 nem
1033 2986 1158 3031 sua
1190 2965 1471 3053 propria
1503 2971 1749 3031 natura
1810 2967 1895 3034 ad
1948 2968 2289 3056 ejusmodi
2348 2970 2679 3038 virtutem
2712 2993 3065 3037 commen-

832 3069 1131 3137 dandam
1163 3069 1448 3138 ductum
1512 3094 1682 3158 esse,
1716 3094 1893 3162 quae
1932 3075 2215 3144 lenitate
2243 3077 2541 3166 quadam
2574 3078 2792 3144 animi
2852 3086 2919 3145 et
2959 3077 3065 3143 his

831 3176 1252 3244 dulcissimis
1283 3179 1662 3264 affectibuS‚
1693 3180 1947 3270 quibus
1985 3182 2380 3250 Academici
2413 3207 2575 3251 sane
2620 3185 2776 3273 plus
2824 3207 3065 3251 conce-

831 3283 1096 3367 derent,
1188 3286 1618 3351 misceretur.
1721 3286 1859 3353 Nec
1938 3310 2127 3369 vero,
2220 3290 2385 3356 dum
2452 3292 2933 3375 AcademicOS,
2989 3298 3066 3358 ut

836 3418 866 3452 «
911 3413 1072 3457 suos
1115 3420 1176 3473 »,
1238 3392 1334 3458 sic
1382 3390 1732 3478 laudabat,
1783 3393 2050 3461 Stoicos
2106 3397 2391 3464 omnino
2453 3397 2853 3487 rejiciebat:
2914 3398 3058 3476 sed,

771 3570 773 3574 ,
830 3497 997 3564 dum
1028 3497 1248 3587 jocOS,
1293 3520 1467 3587 quos
1524 3499 1820 3586 tempori
1888 3508 1956 3565 et
2004 3521 2252 3567 causae
2326 3508 2760 3569 concesserat
2808 3502 2931 3591 (7),
2980 3503 3064 3570 ad

831 3606 1250 3672 severiorem
1289 3605 1740 3694 eamdemque
1788 3606 2192 3695 aequiorem
2218 3609 2603 3676 orationem
2638 3608 3061 3688 traducebat,

831 3837 885 3885 et
914 3835 1162 3894 facultaS,
1209 3848 1344 3898 quae
1369 3837 1807 3944 quantacumque
1827 3834 1887 3883 in
1928 3847 2017 3884 me
2058 3836 2141 3884 est
2168 3847 2454 3898 nunquam
2483 3835 2784 3884 amicorum
2811 3834 3064 3898 periculis

833 3907 1023 3956 defuit.

896 3979 938 4040 (1
943 3979 959 4058 )
992 3926 1081 4028 Cf»
1098 3979 1156 4027 P.
1187 3975 1353 4025 Aveh.
1388 3979 1486 4092 13«.
1496 3977 1579 4039 .(«
1614 3978 1759 4036 Quae
1781 3977 1827 4025 si
1858 3978 1947 4026 cui
1986 3977 2157 4026 levior
2184 3977 2441 4027 videtur..
2494 3978 2695 4040 ›,.,etc)
2722 4005 2781 4014 -
2814 3979 2893 4025 14-
2898 3980 2975 4026 16.
3006 4004 3068 4013 -

832 4049 906 4099 61.
936 4050 991 4097 in
1020 4050 1278 4107 Pisonem,
1310 4050 1404 4097 71:
1511 4048 1596 4098 .si
1626 4048 1844 4110 quidem
1871 4048 2232 4113 philosophia,
2263 4051 2324 4098 ut
2357 4047 2541 4107 fertur,
2574 4049 2792 4098 virtutis
2825 4050 3067 4099 continet

833 4124 887 4169 et
916 4120 1081 4170 officii
1111 4123 1165 4170 et
1194 4120 1332 4170 bene
1363 4119 1580 4169 vivendi
1610 4119 2017 4183 disciplinam.
2649 4149 2653 4153 Α

918 4194 964 4245 2)
918 4190 1071 4239 261“.
1104 4192 1179 4240 De
1208 4190 1402 4250 Finib„
1435 4191 1522 4248 IV,
1553 4192 1657 4239 74.
1693 4191 1905 4255 «Apud
1924 4191 2208 4271 imperitos
2230 4193 2348 4241 tum
2377 4188 2473 4239 illa
2502 4190 2645 4240 dicta
2664 4193 2829 4241 sunt.

917 4263 961 4325 3)
990 4262 1071 4311 Cf.
1103 4263 1154 4311 P.
1179 4263 1419 4322 Murena,
1445 4264 1538 4321 61,
1565 4263 1622 4312 Ρ.
1651 4260 1839 4319 Aveh„
1864 4265 1935 4310 3·
1925 4264 2017 4322 ‚in
2047 4263 2307 4323 Pisonem,
2332 4264 2412 4312 68.

914 4334 960 4395 4)
993 4334 1068 4387 61“.
1103 4337 1403 4383 extremam
1436 4337 1646 4397 partem
1675 4300 1966 4397 superioris
1995 4335 2204 4396 capitiS,
2236 4349 2289 4428 Ρ.
2318 4336 2402 4384 82.

915 4407 960 4469 5)
996 4405 1070 4455 Cf.
1104 4407 1160 4455 P.
1193 4407 1435 4466 Murena,
1468 4407 1554 4455 60-
1558 4407 1635 4453 63.

915 4479 962 4540 6)
994 4477 1070 4527 Cf.
1102 4477 1179 4526 De
1206 4475 1382 4524 Finib.
1416 4477 1507 4535 ΙΙΙ,
1538 4478 1596 4525 63
1625 4490 1742 4539 sqq.

913 4549 958 4611 Ἴ)
998 4549 1159 4598 Velut
1188 4561 1313 4597 cum
1339 4548 1568 4609 dicebat,
1598 4547 1901 4597 secundum
1932 4547 2187 4597 Stoicos«
2219 4560 2331 4597 non
2361 4548 2543 4597 minus
2579 4546 2889 4629 delinquere
2920 4560 3065 4606 eum,

834 4620 926 4682 qui
956 4620 1163 4682 gallum
1212 4619 1592 4683 gallinaceum,
1615 4633 1742 4669 cum
1771 4634 1910 4682 opus
1963 4633 2075 4669 non
2104 4619 2313 4679 fuisset,
2340 4633 2506 4683 quam
2551 4634 2694 4678 eum,
2741 4634 2833 4682 qui
2854 4622 3069 4682 patrem

830 4688 1226 4741 suffocavisset.
1264 4690 1389 4739 6»1.
1421 4691 1498 4739 De
1519 4690 1695 4741 Finib.
1727 4691 1814 4750 IV,
1839 4693 1915 4739 74.
