3742 5167
888 1162 1035 1231 CAPUT
1066 1162 1099 1230 II

440 1371 533 1452 Quid
557 1372 774 1462 potissimum
789 1397 854 1461 per
876 1376 1045 1443 Ciceronis
1064 1378 1231 1445 orationes
1259 1380 1385 1449 rationi
1404 1382 1448 1449 od
1478 1383 1550 1472 ipso

703 1482 877 1571 expositae
895 1484 1099 1573 respondere
1117 1485 1283 1553 videatur.

998 1850 1008 1903 l

484 2089 578 2170 Quas
591 2086 733 2151 intimas
753 2086 807 2151 sui
820 2086 931 2173 ipsius
947 2086 1214 2153 commendandi
1235 2088 1386 2154 rationes
1407 2089 1449 2154 M.
1470 2088 1551 2156 Tul·

436 2199 504 2264 lius
521 2194 593 2261 suis
626 2190 667 2258 de
688 2191 910 2280 philosophia
925 2192 968 2258 ad
988 2193 1225 2282 eloquentiam
1246 2193 1466 2282 adjungenda
1486 2195 1551 2262 dis-

436 2298 674 2393 putationibus
694 2298 892 2380 inseruerit,
925 2299 1016 2366 haud
1033 2300 1186 2389 profecto
1203 2300 1330 2367 idcirco
1368 2302 1553 2390 explicavi-

435 2414 578 2489 mus,ut
604 2404 677 2493 ejus
701 2404 737 2469 in
762 2426 801 2470 ea
834 2427 869 2472 re
886 2406 1078 2472 sententiae
1107 2407 1295 2472 auotoritas
1322 2407 1549 2474 minueretur.

435 2518 535 2600 Nam,
551 2514 610 2603 qui
634 2510 676 2577 ab
690 2510 909 2578 adulescente
929 2534 1069 2578 omnem
1085 2512 1157 2579 lere
1173 2511 1473 2601 philosophiarum
1494 2537 1551 2580 va-

434 2625 607 2700 rietatem,
625 2641 713 2708 quae
730 2618 869 2707 quidem
887 2641 926 2684 ea
944 2625 1054 2685 aelate
1071 2619 1234 2706 vigebant
1253 2625 1285 2684 et
1307 2618 1474 2686 florebant
1490 2623 1549 2702 lli,

434 2731 654 2803 lustraverat,
672 2732 706 2791 et
725 2724 814 2790 idem
837 2725 1018 2790 rhetorum
1033 2746 1113 2791 cum
1140 2726 1329 2791 latinorum
1362 2733 1436 2792 tum
1457 2749 1553 2808 grae-

433 2858 553 2904 corum
583 2833 718 2900 scholas
738 2833 1031 2920 frequentaverat,
1060 2870 1104 2879 -
1136 2831 1308 2918 quiscum
1330 2830 1552 2920 redargueret

433 2944 679 3021 affirmantem,
698 2962 733 3005 se
750 2938 1039 3005 Academicorum
1052 2937 1253 3026 disciplinae
1269 2936 1348 3026 plus
1375 2960 1480 3027 quam
1496 2940 1549 3004 vel

432 3052 556 3119 ceteris
591 3047 880 3138 philosophorum
913 3044 1058 3109 familiis
1097 3045 1189 3109 vel«
1223 3043 1402 3109 rhetorum
1444 3044 1551 3111 oflici-

432 3159 487 3224 nis
507 3156 554 3247 (2)
582 3183 597 3217 n
616 3154 657 3221 ad
672 3151 923 3240 assequendam
948 3173 1037 3228 eam,
1064 3172 1132 3238 qua
1155 3149 1383 3239 gloriabatur,
1413 3150 1548 3217 dicendi

432 3265 568 3353 copiam
589 3260 749 3328 debuisse
764 3261 779 3323 ‘l
794 3257 882 3335 Quia
896 3256 1056 3322 videlicet
1075 3279 1154 3323 cum
1175 3278 1215 3322 eo
1244 3255 1379 3322 dicendi
1409 3280 1549 3336 genere,

433 3370 523 3459 quod
544 3369 610 3436 sibi
627 3369 743 3435 animo
764 3370 973 3453 proponeret
1004 3384 1141 3450 quoque
1161 3368 1286 3429 natura
1302 3364 1377 3451 ipsa
1407 3362 1493 3431 duce
1515 3388 1550 3432 se

406 3475 516 3554 ¹ferri
549 3472 615 3539 sibi
650 3472 810 3538 conscius
839 3476 940 3553 esset,
969 3469 1058 3535 hano
1092 3468 1299 3535 Academiae
1328 3468 1548 3558 disciplinam

433 3583 585 3647 maxime
596 3600 788 3667 congruere
809 3576 1276 3665 senserat,velantequamid
1292 3577 1549 3644 certisrationi-

433 3688 496 3755 bus
520 3688 750 3776 intellegeret,
774 3724 817 3732 -—
844 3682 974 3749 idcirco
1001 3689 1034 3749 et
1059 3682 1093 3748 in
1115 3683 1228 3770 prima
1249 3682 1486 3750 adulescentia
1501 3684 1548 3773 (3)

434 3794 570 3861 Philoni
589 3795 735 3860 Romam
753 3791 916 3879 migranti
935 3819 949 3850 «
967 3797 1081 3857 tolum
1104 3818 1131 3875 r,
1155 3799 1190 3857 ut
1208 3791 1281 3878 ipse
1304 3791 1463 3881 dixit(l),
1479 3825 1492 3851 u
1514 3814 1549 3858 se

430 3901 617 3968 tradiderat
635 3930 666 3986 a,
688 3906 721 3967 et
736 3906 812 3988 post
828 3898 1014 3964 nonnullas
1025 3896 1097 3985 jam
1117 3896 1225 3964 dictas
1241 3920 1362 3986 causas
1379 3901 1427 3984 ’,5)
1444 3926 1459 3959 «
1475 3904 1548 3964 stu-

430 4008 528 4076 dium
576 4005 819 4098 philosophiae
855 4027 1037 4094 nunquam
1067 4005 1307 4071 intermissum
1330 4033 1345 4065 s
1374 4005 1548 4071 Antiocho

459 4226 491 4287 (1)
506 4224 575 4274 Nam
585 4224 743 4283 Antiochus,
756 4224 916 4274 Academiae
927 4224 1063 4289 princeps,
1075 4238 1156 4288 quem
1169 4226 1259 4275 Cicero
1273 4225 1404 4285 audierat,
1415 4227 1550 4290 Peripate·

431 4297 499 4346 ticos
525 4296 702 4359 simulatque
727 4295 903 4346 Academicos
929 4311 957 4346 se
973 4297 1050 4359 sequi
1071 4297 1160 4346 aiebat
1185 4297 1231 4360 (Gt.
1260 4312 1351 4362 supra,
1366 4313 1391 4362 p.
1406 4300 1444 4358 39,
1472 4301 1547 4360 ml),

430 4396 460 4404 -
472 4369 499 4416 et
511 4368 603 4417 Cicero
617 4368 675 4431 ipse
693 4370 790 4432 postea
805 4368 996 4431 Peripateticos
1008 4368 1142 4431 quosdam
1153 4370 1290 4433 cognovit.

463 4440 494 4502 (2)
508 4439 582 4488 Siout
595 4438 692 4489 dicitur
702 4441 730 4489 in
745 4439 829 4498 Orat,
847 4443 884 4490 12.
1180 4493 1183 4497 Α

463 4512 495 4573 (3)
511 4512 589 4564 Anno
602 4512 657 4569 666,
673 4512 765 4574 -ipse
779 4510 965 4575 duodeviginti
981 4527 1066 4562 annos
1081 4515 1171 4562 notus.

463 4582 495 4645 ll)
513 4581 551 4631 Cf.
568 4582 654 4641 Brut,
687 4583 740 4631 306.
756 4584 792 4632 De
808 4582 854 4632 illo
871 4583 991 4643 Philone,
1002 4584 1036 4633 cl.
1053 4597 1143 4646 supra,
1157 4598 1182 4647 p.
1200 4584 1228 4630 24
1242 4586 1268 4633 ct
1279 4586 1318 4631 44.

463 4655 494 4716 (5)
510 4655 544 4703 Ut
559 4656 671 4718 apparet
682 4668 714 4702 ex
728 4654 820 4713 Bruto,
834 4657 889 4703 3l2.
