3742 5167
791 594 967 660 ..39-

325 762 361 817 de
377 761 544 831 triumpho:
560 780 575 816 ‹
587 760 660 828 Quid
676 763 797 818 tandem
812 765 902 818 habet
914 765 968 819 iste
980 781 1095 824 currus,
1109 763 1180 834 quid
1191 763 1283 819 vincti
1294 767 1363 817 ante
1378 779 1444 817 cur-

325 865 392 905 rum
408 850 509 916 duces,
519 850 590 919 quid
601 850 763 907 simulacra
775 852 961 924 oppidorum,
974 854 1046 924 quid
1061 868 1178 917 aurum,
1189 852 1261 922 quid
1274 855 1441 923 argentum.

326 939 397 1009 quid
410 939 496 1011 legati
510 940 540 994 in
557 940 642 1010 equis
655 945 684 995 et
698 941 822 1007 tribuni,
844 942 916 1012 quid
930 941 1044 997 clamor
1058 942 1196 1005 militurn,
1214 940 1285 1012 quid
1311 945 1372 995 tota
1392 938 1444 995 illa

324 1027 452 1098 pompat
466 1028 568 1083 lnania
580 1034 649 1084 sunt
663 1030 728 1093 ista,
745 1030 817 1083 1111111
830 1031 927 1090 crede,
940 1030 1156 1085 delectamenta
1165 1047 1258 1102 paene
1269 1046 1442 1101 puerorum,

325 1124 442 1187 captare
469 1115 600 1186 plausus,
630 1118 696 1171 vehi
723 1136 776 1190 per
791 1120 907 1184 urbem,
924 1120 1057 1191 conspici
1074 1120 1158 1175 velle.
1175 1120 1288 1185 Quibus
1304 1137 1339 1175 ex
1353 1121 1443 1175 rebus

325 1203 399 1259 nihil
411 1211 464 1273 est,
477 1206 556 1276 quod
570 1206 699 1261 solidum
712 1212 824 1274 tenere,
839 1210 912 1263 nihil
926 1210 1004 1280 quod
1016 1214 1122 1279 referre
1137 1210 1174 1264 ad
1200 1209 1370 1279 uoluptatem
1384 1226 1444 1264 cor-

321 1295 499 1364 porispossis
522 1294 594 1366 (1),..
614 1316 625 1346 a

348 1473 351 1481 '
370 1468 438 1534 Nec
448 1469 564 1535 minus
578 1469 687 1538 facete
701 1470 794 1538 idem
807 1471 948 1552 Pis0,—
959 1472 1205 1559 interrogatus,
1215 1495 1276 1540 our
1291 1473 1326 1539 in
1343 1472 1444 1539 ludos

326 1575 463 1663 prodire
478 1597 547 1641 non
564 1577 700 1657 audeat,
730 1617 768 1625 -
795 1600 857 1667 per
874 1579 971 1667 ipsas
987 1600 1131 1645 suorum
1152 1579 1444 1669 philosophorum

325 1705 342 1745 1
368 1681 503 1749 scholas
527 1706 543 1747 1
566 1684 668 1772 paulo
683 1684 775 1751 infra
791 1683 996 1752 deridetur:

360 1862 374 1887 «
395 1842 510 1895 Instant
518 1843 585 1909 post
595 1838 752 1893 hominum
765 1839 942 1895 memoriam
957 1842 1176 1912 apparatissimi
1190 1842 1445 1913 magnificentissi-

324 1929 423 1998 mique
446 1927 519 1989 ludi,
536 1926 638 1997 quales
659 1943 718 1981 non
740 1928 828 1982 modo
846 1945 998 1998 nunquam
1016 1930 1147 1995 fuerunt,
1163 1930 1264 1984 sedne
1281 1945 1339 1998 quo
1355 1928 1443 1982 modo

324 2017 387 2071 lieri
412 2016 532 2087 quidem
562 2016 685 2085 posthac
713 2016 837 2087 possint,
863 2034 986 2088 possum
1011 2017 1072 2072 ullo
1088 2025 1172 2089 pacto
1188 2017 1400 2087 suspicariba
1415 2022 1443 2071 te

323 2105 445 2176 popul0,
460 2106 611 2159 committe
633 2104 712 2159 ludis
733 2108 780 2174 (2).
798 2105 921 2160 Sibilum
944 2106 1070 2161 metuis?
1085 2107 1137 2161 Ubi
1152 2111 1344 2162 sunt-vestrae
1361 2108 1443 2161 scho-

323 2193 445 2250 lae‘lNe
470 2195 653 2249 acclametur
679 2194 785 2248 times?
806 2196 846 2249 Ne
874 2195 903 2251 id
931 2196 1053 2267 quidem
1077 2202 1121 2250 est
1144 2210 1250 2250 curare
1266 2196 1442 2267 philosophi.

324 2284 425 2337 Manus
441 2283 496 2337 tibi
508 2299 544 2337 ne
554 2282 738 2337 alterantur?
750 2285 835 2339 Dolor
847 2288 920 2339 enim
934 2292 974 2339 est
988 2287 1103 2350 motum,
1115 2290 1148 2339 ut
1159 2289 1190 2340 tu
1203 2284 1351 2355 disputas;
1368 2285 1443 2339 exis-

324 2371 446 2436 timatio,
462 2373 600 2429 dedecus.
613 2371 746 2435 infamia,
763 2374 927 2443 turpitude,
943 2374 1032 2428 verba
1045 2378 1133 2444 atque
1149 2374 1277 2444 ineptiae
1291 2373 1362 2444 (3)...
1380 2392 1393 2425 o

372 2528 464 2595 Haec
492 2535 524 2595 et
565 2527 646 2595 talia
674 2528 837 2596 videlicet
862 2537 1027 2611 eaerant,
1049 2552 1239 2619 quaecum
1260 2531 1294 2596 in
1321 2536 1444 2598 senatu

305 2641 443 2701 inoster
472 2641 588 2701 orator
608 2635 786 2723 proferret.
810 2643 883 2701 turn
907 2635 1145 2723 profitebatur,
1168 2661 1203 2705 se
1221 2662 1237 2701 <r
1268 2659 1336 2704 non
1349 2638 1441 2725 apud

324 2740 494 2821 indoctos,
518 2741 577 2808 sed
604 2743 638 2807 in
659 2742 844 2808 hominurn
867 2742 1188 2810 eruditissimorum
1209 2749 1242 2808 et
1262 2742 1443 2809 humanis·

321 2848 492 2915 simorum
505 2856 605 2915 coetu
621 2849 716 2937 loqui
736 2873 752 2913 1
766 2848 813 2938 (1)
838 2869 845 2928 ;
876 2847 960 2915 haec
976 2859 1009 2916 et
1025 2850 1108 2915 talia
1126 2850 1274 2915 maxime
1289 2849 1338 2913 illi
1355 2851 1442 2915 assi-

322 2955 390 3021 duo
408 2984 422 3013 «
451 2977 562 3043 neque
582 2978 735 3044 unquam
757 2956 987 3022 intermisso)
1006 2958 1051 3044 (5)
1070 2954 1312 3045 philosophiae
1327 2955 1444 3022 studio

322 3060 529 3150 respondere
550 3062 725 3135 videntur,
753 3064 845 3150 quod
871 3084 931 3152 per
951 3065 1124 3130 orationes
1145 3084 1224 3127 suas
1247 3085 1264 3126 <r
1287 3061 1439 3150 philoso-

245 3155 248 3159 ’
324 3167 473 3257 phorum
500 3170 679 3235 sententiis
696 3168 841 3235 refertas
867 3168 914 3258 (6)
940 3170 1142 3237 »declarari
1160 3170 1203 3234 M.
1218 3167 1353 3234 Tullius
1371 3168 1444 3255 ipse

325 3274 501 3362 professus
518 3280 580 3342 est.

869 3576 892 3629 ll

374 3787 412 3851 llt
446 3784 600 3873 quidem,
637 3807 839 3874 quanquam
873 3784 914 3853 de
953 3786 1144 3875 superioris
1179 3787 1300 3852 aetatis
1330 3793 1445 3852 orato-

324 3892 419 3959 ribus
436 3899 576 3980 prupler
592 3892 803 3979 paucitatem
819 3893 1109 3981 fragmentorum,
1128 3915 1216 3981 quae
1236 3891 1276 3959 de
1289 3893 1332 3958 iis
1344 3892 1444 3958 nobis

354 4092 386 4155 (1)
403 4093 434 4141 ln
449 4092 578 4149 Pisonem,
608 4090 691 4138 59-60.
709 4091 844 4153 -Neque
873 4090 906 4140 ad
934 4104 993 4139 rem
1016 4092 1138 4138 nostram
1160 4088 1249 4147 refert,
1266 4090 1294 4137 in
1320 4088 1439 4139 secunda

323 4164 466 4212 «schola»
488 4172 591 4211 eornm.
609 4174 677 4224 quae
700 4162 855 4215 retulimus.
875 4164 995 4211 extrema
1018 4160 1100 4209 verba
1116 4159 1223 4222 proprie
1239 4159 1370 4223 Epicurea
1386 4159 1445 4207 sola

321 4250 379 4285 esse
392 4238 464 4296 lnam
478 4238 567 4283 cetera
583 4234 643 4282 aliis
659 4234 743 4282 etiam
758 4232 928 4296 philosophis
943 4231 1051 4294 probari
1067 4230 1120 4278 lere
1136 4232 1270 4293 poterant.

353 4310 386 4367 (tl
401 4308 435 4355 De
452 4327 463 4349 «
482 4304 608 4355 ludorum
623 4318 754 4353 consessu
773 4306 891 4352 »noster
909 4305 1000 4352 orator
1017 4302 1044 4349 in
1059 4302 1126 4349 orat.
1148 4302 1178 4348 Ρ.
1196 4300 1280 4348 Sestio
1299 4301 1362 4361 (106,
1384 4302 1444 4349 115-

320 4380 373 4439 121)
390 4378 507 4434 disserit,
521 4379 652 4437 tanquam
667 4376 699 4425 de
714 4388 768 4424 uno
781 4388 813 4422 ex
833 4376 914 4422 trium
928 4372 1059 4429 locorum,
1075 4371 1123 4419 ubi
1133 4391 1144 4414 «
1159 4371 1308 4434 significari
1324 4373 1443 4420 maxime

322 4449 353 4498 de
368 4448 507 4511 republica
534 4446 627 4511 populi
649 4447 757 4495 romani
777 4445 911 4507 judicium
927 4457 958 4494 ac
975 4443 1100 4492 voluntas
1117 4445 1203 4506 possit
1219 4461 1231 4485 »
1248 4442 1313 4503 (duo
1330 4442 1384 4492 alia
1401 4442 1444 4490 di-

322 4520 420 4569 cuntur
436 4534 496 4568 esse
514 4536 519 4566 :
536 4518 630 4567 concio
646 4520 672 4564 et
687 4517 817 4576 comitia).

352 4592 387 4652 (3)
401 4589 432 4636 ln
440 4590 570 4643 Pisonem,
585 4590 622 4636 65.

355 4662 387 4721 (1)
404 4659 480 4718 lbid.,
497 4662 526 4708 68

354 4732 386 4793 (5)
398 4734 424 4780 et
439 4732 471 4794 (6)
483 4730 520 4781 Cl.
539 4730 747 4789 erut.,315;1>e
763 4732 865 4777 notura
882 4729 1005 4786 deorum,
1019 4728 1037 4786 l,
1052 4730 1075 4775 6.
