3742 5167
1719 553 2160 629 v--20---

876 728 1044 796 dum
1099 728 1218 820 (1),
1265 728 1350 797 ab
1388 731 1487 798 eis
1531 731 1652 821 qui
1691 737 1975 799 teneant
2025 731 2196 799 disci
2246 736 2314 799 et
2368 730 2692 819 cognosci
2725 753 2925 820 posse
2970 734 3113 800 exi-

877 837 1157 903 stimat:
1208 865 1237 898 «
1295 837 1654 926 quoniam,
1691 838 2078 929 inquiebat,
2115 838 2566 930 philosophia
2594 838 2664 903 in
2707 845 2847 905 tres
2881 846 3111 928 partes

880 971 910 996 u
964 951 1067 1006 est
1125 943 1415 1027 tributa,
1481 945 1556 1009 in
1620 951 1911 1011 naturae
1992 944 2515 1026 obscuritatem,
2575 946 2644 1010 in
2722 943 3109 1015 disserendi

879 1078 910 1112 «
965 1050 1450 1130 subtilitatem,
1483 1052 1556 1116 in
1604 1052 1820 1118 vitam
1852 1059 2070 1142 'atque
2122 1074 2379 1136 moreS,
2424 1050 2559 1118 duo
2598 1051 2719 1118 illa
2760 1054 3105 1144 relinqua·

877 1185 907 1218 «
962 1179 1119 1223 mus
1167 1164 1375 1247 atque
1426 1158 1806 1247 largiamus
1855 1161 2150 1227 inertiae
2199 1167 2531 1241 nostrae;
2586 1160 2872 1227 tertium
2915 1185 3105 1246 vem,

878 1291 907 1323 «
963 1262 1147 1351 quod
1175 1285 1455 1352 semper
1483 1266 1777 1331 oratoris
1806 1265 1964 1349 fuit,
1993 1266 2129 1332 nisi
2148 1267 2576 1350 tenebimuS,
2611 1267 2794 1334 nihil
2822 1270 3106 1354 oratori,

882 1396 911 1429 «
965 1370 1034 1435 in
1105 1392 1242 1459 quo
1299 1392 1598 1459 magnus
1674 1393 1822 1437 esse
1902 1372 2145 1460 possit,
2226 1355 2705 1461 relinquemus
2748 1372 2842 1463 (2)
2907 1402 2964 1441 ».
3029 1376 3106 1442 In

878 1477 1159 1543 Oratore
1189 1499 1353 1545 vero
1399 1478 1481 1544 de
1523 1475 1749 1544 tribus
1790 1477 1901 1543 his
1945 1477 2254 1567 partibus
2295 1484 2387 1544 ita
2413 1477 2715 1562 disserit,
2751 1482 2951 1570 quasi
2994 1504 3108 1549 eas

872 1583 956 1650 ad
989 1584 1369 1651 ornandam
1402 1582 1677 1651 dicendi
1705 1584 2103 1652 facultatem
2139 1585 2349 1654 variis
2390 1585 2671 1675 quidem
2707 1585 2790 1654 de
2831 1588 3109 1656 rationi·

874 1690 1003 1757 bus
1044 1689 1163 1758 sed
1195 1698 1427 1759 tamen
1455 1691 1742 1758 confuse
1785 1692 2075 1759 referret
2116 1710 2131 1759 ε
2178 1714 2255 1759 ea
2287 1697 2495 1777 certe,
2524 1716 2703 1783 quae
2742 1692 2823 1761 ad
2868 1695 3111 1763 dialec-

871 1798 1046 1866 ticae
1104 1799 1215 1865 vel
1289 1798 1375 1865 ad
1428 1798 1878 1888 physicorum
1944 1800 2416 1888 cognitionem
2487 1801 2857 1889 pertinent,
2908 1802 3109 1870 facile

879 1910 1346 1993 agnoscentur
1412 1928 1535 1994 per
1601 1907 1826 1995 ipsam
1892 1908 2142 1974 seriem
2213 1914 2789 1994 argumentorum
2853 1907 3109 1997 quibus

872 2016 1238 2084 universae
1265 2013 1749 2107 philosophiae
1789 2014 2163 2082 utilitatem
2204 2014 2303 2080 sic
2335 2014 2879 2083 demonstravit:

943 2205 971 2233 «
1003 2186 1150 2239 Nam
1182 2200 1294 2239 nec
1329 2184 1509 2239 latius
1539 2188 1718 2254 atque
1749 2184 2051 2254 copiosius
2082 2184 2153 2238 de
2181 2183 2411 2254 magnis
2443 2183 2741 2252 variisque
2768 2184 2949 2238 rebus
2967 2185 3109 2256 ‘sine

870 2272 1246 2343 philosophia
1271 2278 1466 2343 potest
1489 2273 1806 2343 quisquam
1846 2273 2077 2327 dicere:
2111 2304 2183 2311 —
2208 2273 2258 2325 si
2286 2271 2527 2342 quidem
2561 2272 2738 2324 etiam
2755 2272 2816 2326 in
2842 2272 3107 2328 Phaedro

870 2361 1130 2416 Platonis
1161 2362 1274 2416 hoc
1301 2360 1572 2416 Periclen
1604 2362 1971 2432 praestitisse
2006 2361 2219 2416 ceteris
2259 2361 2416 2414 dicat
2446 2360 2782 2414 oratoribus
2815 2362 3104 2424 SocrateS,

871 2450 1030 2520 quod
1068 2450 1117 2503 is
1147 2451 1528 2521 Anaxagorae
1561 2450 1790 2521 physici
1821 2450 2003 2504 fuerit
2031 2450 2302 2513 auditor;
2342 2464 2376 2502 a
2403 2465 2519 2518 quo
2550 2454 2756 2503 censet
2781 2464 2939 2515 eum,
2970 2466 3106 2505 cum

869 2539 987 2594 alia
1018 2538 1326 2609 praeclara
1367 2540 1661 2609 quaedam
1694 2543 1753 2594 et
1791 2540 2108 2612 magnifica
2150 2538 2475 2603 didicisset,
2516 2538 2763 2592 uberem
2817 2543 2876 2593 et
2904 2538 3107 2594 fecun-

868 2628 1007 2682 dum
1028 2627 1211 2682 fuisse
1236 2643 1632 2699 gnarumque,
1661 2630 1821 2698 quod
1847 2634 1935 2683 est
1956 2627 2332 2699 eloquentiae
2360 2625 2685 2680 maximum
2701 2669 2713 2684 .
2734 2627 2950 2697 quibus
2981 2643 3108 2681 ora-

867 2716 1048 2770 tionis
1096 2716 1286 2770 modis
1342 2733 1615 2786 quaeque
1655 2718 1994 2773 animorum
2043 2723 2243 2788 partes
2297 2714 2767 2785 pellerentur...;
2801 2731 2912 2770 nec
2966 2732 3105 2771 vero

869 2805 996 2859 sine
1028 2803 1522 2875 philosophorum
1554 2806 1867 2876 disciplina
1893 2823 2080 2880 genus
2111 2811 2170 2861 et
2198 2804 2459 2875 speciem
2506 2803 2799 2874 cujusque
2840 2804 2926 2857 rei
2986 2820 3108 2858 cer-

870 2911 1013 2949 nere
1046 2910 1243 2964 neque
1275 2910 1405 2949 eam
1434 2894 1774 2951 definiendo
1808 2896 2109 2967 explicare
2138 2911 2249 2950 nec
2281 2893 2544 2949 tribuere
2578 2892 2636 2947 in
2667 2897 2866 2963 partes
2897 2909 3109 2963 possu-

870 3000 1001 3038 mus
1027 2999 1137 3037 nec
1161 2983 1434 3053 judicare
1466 3000 1614 3054 quae
1664 3002 1802 3040 vera
1831 3003 1985 3056 quae
2016 2984 2166 3040 falsa
2212 2984 2331 3037 sint
2388 2997 2583 3051 neque
2617 2997 2863 3037 cernere
2900 2998 3108 3037 conse-

871 3073 1133 3143 quentia,
1177 3074 1571 3145 repugnantia
1611 3074 1833 3142 videre,
1884 3075 2161 3146 ambigua
2199 3072 2585 3143 distinguere.
2621 3071 2773 3135 Quid
2816 3071 3007 3125 dicam
3034 3071 3105 3125 de

868 3167 1088 3217 natura
1107 3179 1330 3230 rerum,
1360 3162 1531 3233 cujus
1552 3164 1811 3235 cognitio
1843 3180 2120 3236 magnam
2153 3160 2441 3220 orationis
2470 3160 2806 3230 suppeditat
2835 3158 3108 3230 copiam?

865 3253 903 3314 †
933 3252 1005 3306 de
1062 3252 1199 3317 vita,
1259 3252 1330 3306 de
1382 3252 1615 3319 officiiS,
1674 3254 1744 3308 de
1789 3254 2030 3323 virtute,
2061 3255 2131 3309 de
2165 3255 2429 3310 moribus
2470 3256 2599 3310 sine
2653 3256 2840 3311 multa
2896 3273 3103 3312 earum

871 3340 1139 3409 ipsarum
1182 3356 1382 3395 rerum
1423 3341 1740 3412 disciplina
1777 3348 1881 3398 aut
1914 3344 2029 3398 dici
2052 3348 2152 3399 aut
2182 3343 2437 3416 intelligi
2475 3343 2686 3414 posse?
2719 3345 2795 3416 (3)
2829 3367 2857 3395 »

851 3546 854 3549 ’
956 3532 1195 3622 Neque
1228 3530 1355 3598 hoc
1418 3531 1569 3597 loco
1619 3531 1873 3612 solum,
1918 3528 2037 3597 sed
2075 3531 2332 3597 iterum
2382 3530 2593 3597 etiam
2652 3531 2723 3596 in
2777 3530 3106 3596 inferiore

867 3637 1180 3727 ejusdem
1238 3636 1393 3704 libri
1425 3637 1600 3719 loc0‚
1637 3676 1722 3687 —-
1747 3636 1893 3718 ubi,
1949 3643 2101 3727 post
2133 3635 2488 3703 definitam
2517 3637 2775 3704 summi
2809 3636 3103 3704 oratoris

933 3863 997 3927 (1)
1031 3862 1110 3913 Cf.
1136 3864 1212 3912 De
1246 3864 1332 3913 Or.
1353 3862 1388 3921 1,
1421 3864 1586 3912 65-66.

933 3935 998 3997 (2)
1027 3935 1101 3984 De
1131 3935 1218 3984 Or.
1250 3935 1291 3993 Ι,
1321 3936 1396 3983 68.
1431 3935 1575 3983 Haec
1611 3936 1911 3998 sequuntur
1944 3949 1954 3982 :
1991 3954 2013 3979 «
2043 3935 2219 3994 Quare
2242 3934 2329 3983 hic
2360 3934 2511 3984 locus
2538 3935 2601 3984 de
2632 3934 2745 3984 vita
2772 3934 3103 3984 et'moribus

871 4008 1017 4056 totus
1049 4009 1132 4055 est
1153 4006 1353 4055 oratori
1388 4005 1811 4069 perdiscendus;
1861 4008 2039 4055 cetera
2065 4007 2111 4055 si
2139 4019 2250 4055 non
2296 4005 2559 4065 didicerit,
2591 4008 2777 4055 tamen
2818 4008 3033 4069 poterit,
3058 4006 3106 4055 si

870 4077 1086 4141 quando
1119 4091 1256 4141 opus
1283 4079 1402 4137 erit,
1431 4091 1621 4127 ornare
1648 4077 1894 4136 dicende,
1916 4077 1962 4126 si
1995 4077 2158 4126 modo
2186 4076 2251 4126 ad
2283 4091 2407 4126 eum
2446 4079 2603 4127 erunt
2631 4077 2809 4127 delata
2838 4080 2891 4127 et
2920 4078 2969 4127 ei
2995 4078 3104 4125 tra-

868 4149 997 4198 dita.
1028 4168 1050 4191 »
1083 4177 1142 4185 -
1171 4149 1308 4197 Nam
1332 4149 1474 4212 quod
1519 4149 1585 4198 ab
1641 4150 1876 4198 Antonio
1910 4149 2085 4197 Crassi
2117 4149 2443 4198 sententiam
2469 4149 2536 4198 ad
2568 4148 2919 4198 refutandum
2966 4148 3103 4197 refe-

867 4221 1022 4269 rente
1059 4220 1118 4281 (Ι,
1144 4220 1247 4266 »212
1279 4223 1331 4268 et
1366 4221 1476 4281 218)
1502 4233 1562 4268 ea
1596 4219 1871 4268 distinctio
1904 4219 2150 4282 neglecta
2189 4232 2308 4268 esse
2353 4219 2583 4279 videtur,
2618 4219 2672 4268 id
2722 4219 2946 4269 artificio
2990 4220 3106 4269 cui-

869 4289 996 4339 dam
1024 4291 1280 4353 imputari
1307 4293 1506 4355 potest,
1540 4305 1646 4354 quo
1679 4290 1783 4339 sibi
1810 4291 2080 4341 Antonius
2103 4290 2393 4353 justiorem
2422 4294 2611 4342 contra
2638 4291 2851 4341 dicendi
2879 4305 3102 4341 causam

869 4362 1086 4412 faceret.

932 4434 997 4495 (3)
1030 4434 1114 4482 Or.
1153 4434 1206 4481 14
1241 4435 1315 4482 16.
1344 4434 1416 4483 Ad
1447 4436 1748 4484 extremam
1791 4434 2119 4484 sententiam
2160 4433 2553 4484 restituendam
2577 4433 2873 4497 Kayserius
2905 4433 2961 4482 in
2991 4433 3115 4482 edi-*

867 4505 1014 4554 tione
1035 4505 1355 4554 Tauschnitz
1385 4506 1544 4569 (1860)
1574 4504 1806 4569 supplet,
1843 4524 1863 4548 ιι
1895 4521 1998 4555 non
2032 4505 2147 4554 sine
2196 4505 2427 4555 multa...
2460 4526 2481 4549 υ
2511 4505 2585 4556 cf.
2633 4506 2718 4555 Or.
2752 4507 2837 4555 118
2865 4521 2875 4553 :
2914 4526 2934 4548 α
2968 4504 3103 4554 nihil

866 4575 1010 4625 enim
1043 4576 1105 4625 de
1131 4576 1452 4639 religione...
1481 4577 1629 4640 (etc.)
1658 4577 1795 4626 nihil
1818 4576 1883 4627 de
1912 4577 2205 4628 virmtibus
2242 4579 2330 4627 aut
2358 4578 2524 4638 vitiis,
2556 4576 2692 4627 nihil
2727 4577 2791 4627 de
2819 4577 3031 4627 officiis.
3069 4614 3102 4635 .,

864 4646 1017 4706 nihil,
1049 4647 1293 4711 inquam,
1323 4649 1438 4697 sine
1472 4662 1536 4698 ea
1566 4648 1811 4708 scientia,
1830 4662 1996 4712 quam
2027 4649 2154 4710 dixi,
2188 4648 2426 4713 graviter
2450 4648 2629 4714 ample
2656 4650 2874 4713 copiose
2908 4647 3017 4698 dici
3047 4651 3101 4698 et

864 4718 1121 4782 explicari
1149 4721 1342 4783 potest.
1374 4739 1394 4763 n
