3742 5167
1576 599 1969 668 -119—

646 774 789 836 tam
839 767 1174 847 vidimuS,
1237 766 1408 835 adeo
1447 767 1681 833 fautor
1719 764 1895 853 ipse·
1927 764 2082 847 fuit,
2134 771 2211 833 ut
2251 764 2551 832 aliarum
2594 764 2886 833 familia-

648 898 810 944 rum
849 875 1276 955 defensoreS,
1331 896 1505 962 quos
1545 873 1616 939 in
1661 873 1806 941 suis
1845 870 2048 938 libris
2086 872 2384 952 induxit,
2433 871 2517 939 ab
2563 873 2886 939 oratoriis

650 981 1036 1050 virtutibus
1078 979 1523 1064 excluderet3
1579 981 1695 1046 sed
1744 985 2076 1068 tanquam
2119 980 2498 1069 Epicureae
2538 980 2886 1047 doctrinae

655 1096 982 1179 patronos
1013 1111 1130 1156 eos
1163 1087 1460 1168 induxit,
1497 1109 1796 1176 quorum
1847 1087 2231 1154 orationem
2265 1114 2294 1147 «
2351 1109 2488 1154 non
2530 1088 2890 1154 sententiis

658 1196 890 1263 solum
925 1196 1224 1285 copiose,
1271 1192 1387 1261 sed
1447 1192 1681 1262 verbis
1728 1193 1941 1261 etiam
1988 1194 2304 1260 ornatius
2347 1194 2511 1284 »(1)
2554 1194 2882 1283 explicari

647 1303 928 1387 faceret,
964 1323 1173 1385 quam
1234 1299 1416 1391 quod
1447 1297 1532 1367 ab
1591 1299 1720 1367 hac
1774 1299 2143 1389 disciplina
2173 1300 2560 1389 exspectari
2602 1306 2825 1389 posset
2870 1323 2882 1377 ;

655 1410 909 1476 stoicas
942 1430 1105 1477 vero
1147 1414 1376 1497 partes
1424 1429 1608 1474 nunc
1646 1406 1751 1473 illi
1783 1407 2022 1475 Catoni
2055 1406 2413 1475 mandavit
2446 1407 2570 1497 (2),
2613 1409 2725 1475 cui
2767 1409 2886 1475 uni

648 1517 831 1582 inter
883 1515 1148 1583 Stoicos
1206 1524 1514 1582 oratores
1563 1536 1914 1582 summam
1964 1514 2240 1582 dicendi
2300 1514 2579 1583 laudem
2632 1514 2886 1582 tribue-

648 1622 768 1691 bat
794 1622 921 1711 (3),
963 1644 1153 1689 nunc
1187 1622 1267 1702 Q.
1295 1622 1562 1689 Lucilio
1603 1620 1842 1703 Balbo,
1875 1622 2020 1711 qui,
2057 1643 2463 1712 quanquam
2494 1621 2579 1689 ab
2615 1628 2886 1690 oratore

648 1729 765 1796 vel
802 1728 1137 1797 mediocri
1172 1756 1201 1790 «
1234 1728 1590 1796 verberari
1635 1756 1667 1791 »
1704 1750 1905 1818 posse
1930 1768 2015 1778 —
2051 1736 2129 1796 ut
2160 1728 2435 1796 Stoicus
2461 1769 2546 1778 -
2575 1729 2649 1795 in
2686 1733 2886 1797 tertio

646 1836 726 1903 de
787 1837 1073 1903 Oratore
1120 1834 1299 1902 libro
1340 1858 1379 1901 a
1430 1835 1676 1903 Crasso
1729 1833 1984 1903 dicitur
2018 1835 2140 1925 (4),
2184 1841 2420 1903 tamen
2462 1836 2535 1902 in
2586 1836 2886 1903 secundo

664 1946 746 2009 de
810 1945 1082 2010 Natura
1143 1942 1423 2009 deorum
1486 1964 1646 2009 cum
1721 1943 2252 2024 sententiarum,
2325 1965 2497 2032 quas
2566 1943 2886 2032 explicat

658 2049 1182 2139 magnificentia
1220 2049 1603 2116 orationem
1660 2071 1857 2115 suam
1898 2050 1994 2116 ita
2032 2048 2421 2138 adaequare
2449 2049 2727 2117 videtur
2766 2049 2886 2138 (5)

658 2164 734 2224 ut
789 2179 874 2223 ne
923 2179 961 2223 a
1008 2156 1202 2223 Cotta
1250 2154 1532 2244 quidem
1596 2154 2053 2223 Carneadiam
2094 2178 2465 2246 personam
2504 2162 2751 2242 agente
2795 2157 2890 2244 (fi)

651 2262 928 2331 dicendi
965 2263 1165 2350 copia
1202 2263 1546 2329 vincatur.

737 2369 818 2436 In
886 2367 1011 2435 hac
1091 2368 1305 2457 igitur
1367 2366 1840 2436 doctrinarum
1917 2369 2359 2436 contentione
2423 2391 2886 2459 unaquaeque-

655 2498 861 2543 suum
918 2505 945 2534 α
1009 2483 1382 2564 patronum
1450 2502 1480 2534 »
1537 2474 1771 2548 habet,
1831 2474 1952 2564 qui
2006 2473 2155 2563 ejus
2220 2480 2551 2565 tanquam
2614 2505 2643 2537 «
2687 2475 2890 2543 clien-

653 2584 739 2649 tis
783 2582 880 2673 (7)
918 2611 948 2643 »
976 2603 1277 2648 ,causam
1318 2580 1508 2648 dicit.
1540 2581 1652 2647 Fit
1700 2582 1914 2648 etiam
1954 2581 2449 2663 interdumsut
2506 2588 2625 2649 aut
2665 2589 2886 2671 patru-

660 2713 792 2756 nus
841 2695 1233 2778 susceptam
1280 2711 1563 2755 causam
1623 2689 1806 2755 ultra
1853 2687 2203 2768 defendat,
2252 2711 2463 2777 quam
2507 2688 2692 2779 quod
2743 2690 2890 2778 ipse

662 2797 918 2863 sentire
976 2817 1048 2863 se
1090 2802 1327 2885 postea
1364 2796 1619 2863 fatetur
1671 2796 1879 2884 (sicut
1932 2794 2234 2873 Quintus
2289 2796 2505 2862 nostri
2543 2796 2636 2863 M.
2682 2797 2886 2863 Tullii

656 2905 873 2971 frater
930 2904 999 2969 in
1063 2901 1471 2991 explicanda
1525 2902 1742 2969 stoica
1798 2928 1828 2962 «
1894 2899 1976 2967 de
2027 2902 2476 2969 Divinatione
2543 2930 2575 2964 »
2620 2909 2886 2969 senten-

650 3011 780 3099 tia)
826 3010 950 3097 (8),
1004 3016 1125 3076 aut
1171 3009 1391 3076 invito
1456 3012 1744 3097 patrono
1786 3030 1865 3075 ea
1905 3029 2141 3089 causa,
2186 3030 2398 3097 quam
2463 3031 2535 3075 se
2598 3007 2886 3099 'probare

656 3116 942 3183 omnino
1002 3121 1233 3203 neget,
1291 3112 1723 3181 defendenda
1776 3113 2155 3197 deferatur,
2215 3114 2395 3181 sicut
2459 3115 2536 3182 L.
2595 3115 2882 3181 Furium

660 3221 970 3297 Philum,
1038 3249 1068 3283 «
1136 3223 1424 3289 unicum
1481 3221 1808 3310 antiquae
1870 3219 2235 3310 probitatis
2300 3227 2364 3289 et
2424 3222 2582 3288 fidei
2658 3243 2886 3288 exem-

653 3328 852 3418 plum
893 3356 953 3405 »,
998 3335 1237 3395 contra
1259 3328 1607 3418 justitiam
1648 3327 2046 3396 Carneadiis
2085 3329 2516 3417 argumentis
2543 3327 2886 3395 dicentem

651 3436 726 3502 in
758 3436 967 3503 tertio
999 3434 1079 3502 de
1107 3434 1472 3526 Republica
1502 3433 1681 3501 libro
1726 3432 2044 3503 videmus
2084 3436 2204 3523 (9).
2241 3434 2554 3524 Cumque
2594 3434 2677 3503 ad
2708 3435 2886 3501 banc

653 3740 676 3790 f
715 3670 781 3790 (Ι)
813 3670 888 3722 Cf.
917 3672 994 3720 De
1024 3672 1155 3721 Nat.
1206 3672 1443 3730 deorum,
1477 3670 1516 3730 l,
1553 3672 1612 3720 58
1644 3671 1742 3735 (sic
1765 3671 1978 3722 Cottam
2003 3671 2068 3723 de
2085 3671 2285 3722 Velleio
2341 3671 2654 3735 loquentem
2707 3674 2886 3725 Cicera

676 3755 756 3791 eci
789 3779 800 3791 .

721 3815 786 3876 (2)
823 3814 885 3862 In
915 3814 1072 3863 tertio
1092 3814 1169 3863 De
1188 3813 1362 3863 Finib.
1386 3814 1543 3863 libro,

719 3886 794 3947 (3)
825 3885 902 3934 Cf.
926 3886 1234 3945 Brut.‚118;
1277 3886 1472 3935 Parad.
1505 3886 1742 3935 Prooem.
1782 3886 1998 3949 (quibus
2029 3884 2093 3935 de
2120 3885 2255 3935 locis
2290 3884 2357 3934 cf.
2393 3900 2556 3949 supra
2594 3900 2644 3951 p.
2673 3890 2751 3946 49,
2780 3890 2878 3945 53]-

721 3957 786 4018 (4)
813 3957 886 4005 De
941 3955 1026 4004 Or.
1062 3956 1152 4014 ΙΙΙ,
1180 3959 1273 4006 78:
1299 3956 1352 4005 cf
1395 3970 1557 4019 supra
1587 3970 1639 4019 p.
1672 3957 1780 4005 116.

721 4028 784 4090 (5)
814 4028 1134 4076 Praesertim
1161 4027 1289 4077 dum
1319 4027 1557 4090 loquitur
1587 4026 1650 4075 de
1668 4028 2009 4090 providentia
2044 4027 2268 4076 deorum
2298 4026 2439 4090 (cap.
2472 4030 2641 4089 32-40,
2661 4031 2870 4085 59-66],

654 4098 975 4161 Quanquam
1021 4099 1246 4158 BalbuS,
1284 4099 1346 4158 11,
1381 4101 1486 4157 147,
1525 4098 1630 4147 sibi
1659 4097 1722 4147 de
1751 4098 1838 4146 his
1893 4099 2053 4148 rebus
2089 4098 2389 4162 disputanti
2416 4099 2600 4149 Cottae
2630 4099 2882 4163 eloquen-

654 4170 785 4217 tiam
807 4169 922 4219 dari
937 4185 992 4219 se
1017 4169 1154 4218 velle
1179 4170 1269 4219 ait:
1293 4170 1474 4232 ipsum
1494 4172 1636 4218 certe
1656 4167 1886 4218 Balbum
1908 4169 2008 4217 hac
2029 4169 2273 4219 libertate
2297 4170 2527 4219 oratorie
2556 4188 2579 4217 ιι
2601 4169 2830 4234 vagandi
2866 4193 2882 4217 u

652 4243 897 4289 utentem
923 4242 1103 4291 Cicero
1135 4241 1283 4303 facit,
1309 4254 1472 4303 quam
1500 4240 1558 4288 in
1586 4240 1727 4289 Tusc.
1760 4240 1831 4288 111
1861 4241 1957 4302 (14,
1995 4242 2091 4300 223,
2126 4240 2431 4290 Stoicorum
2461 4240 2761 4291 disserendi
2802 4256 2890 4291 an-

652 4311 848 4375 gustiis
870 4312 1110 4374 opponit.

714 4382 782 4442 (6)
813 4381 986 4445 Atque
1013 4383 1069 4430 in
1094 4381 1318 4431 artificio
1341 4379 1707 4445 amplificandi
1726 4396 1757 4431 a
1783 4395 1882 4431 sua
1907 4379 2194 4445 disciplina
2218 4382 2529 4432 exercitato,
2556 4381 2651 4445 (Cf.
2681 4384 2753 4431 De
2764 4384 2866 4431 Nm*

655 4452 796 4500 deor.
829 4453 889 4510 ΙΙ,
926 4453 1054 4514 168.)

719 4523 786 4583 (7)
819 4523 971 4573 Sicut
1004 4524 1257 4573 Crassum
1278 4523 1548 4575 dicentem
1577 4526 1903 4585 invenimus,
1929 4526 2003 4575 De
2041 4525 2211 4587 Orat„
2244 4526 2283 4584 Ι,
2313 4526 2391 4575 51.

712 4595 776 4654 (8)
808 4594 1069 4653 Quintum
1088 4596 1230 4644 ultra
1257 4595 1329 4653 id,
1364 4596 1504 4660 quod
1538 4598 1778 4654 sentiret,
1812 4598 2044 4647 stoicam
2073 4598 2404 4648 sententiam
2445 4596 2751 4646 defendisse
2784 4611 2850 4661 ap

654 4668 806 4729 paret
843 4680 908 4715 ex
937 4667 1004 4713 iis
1028 4680 1164 4727 quae
1195 4666 1448 4716 dicuntur
1476 4670 1532 4716 in
1558 4667 1651 4716 lib.
1675 4669 1742 4716 de
1765 4669 2117 4727 Divinatione,
2146 4669 2211 4722 ΙΙ,
2245 4670 2464 4718 100-101.

718 4737 785 4798 (9)
823 4736 899 4786 Cf.
923 4737 998 4784 De
1026 4736 1247 4801 Republ.
1266 4738 1358 4800 111,
1387 4740 1414 4787 8
1435 4753 1551 4802 sqq.
