3742 5167
804 479 975 541 ,7)-

334 670 520 714 causarum
549 646 592 739 (1)
621 674 649 715 n,
673 647 745 731 Hos
760 645 923 713 videlicet
939 675 955 707 «
980 646 1074 714 locos
1096 674 1111 708 n
1137 647 1180 715 ad
1204 648 1451 716 commendan-

335 754 416 821 dam
438 782 449 816 l
469 755 530 821 Cu.
546 754 688 843 Pompei
700 752 914 842 singularem
938 754 1173 843 eximiamque
1189 755 1355 821 virtutem
1371 758 1414 843 (2)
1434 785 1449 816 »

333 860 538 929 adhibuerat
564 862 600 927 in
620 884 660 928 ea
683 860 852 945 oratione,
873 883 979 950 quam
995 861 1146 950 primam
1169 861 1259 951 apud
1281 863 1450 951 populum

336 966 485 1035 habebat
510 968 556 1057 (3)
585 972 623 1034 ut
648 988 771 1033 suasor
795 966 882 1056 legis
909 989 1016 1056 quam
1045 967 1078 1033 u.
1105 968 1268 1035 Manilius
1289 968 1451 1037 tribunus

335 1075 445 1166 plebis
464 1074 506 1142 de
526 1074 620 1141 illius
635 1102 651 1134 «
670 1074 817 1163 imperio
844 1102 859 1135 »
880 1074 1084 1163 adaugendo
1104 1074 1256 1153 ferebat3
1285 1074 1370 1142 his«
1400 1077 1449 1143 lo·
1525 1070 1528 1077 ’

334 1183 382 1248 cis
400 1211 414 1241 »
432 1183 621 1247 instructus
638 1181 673 1246 in
683 1179 742 1245 illa
757 1181 924 1262 oratione,
938 1204 1007 1270 qua
1019 1203 1081 1270 pro
1093 1180 1226 1248 reddito
1242 1181 1451 1271 reipublicae

337 1290 380 1355 M.
411 1288 574 1355 Marcello
596 1288 629 1355 C.
651 1286 790 1355 Caesari
805 1288 934 1375 gratias
954 1289 1025 1376 egit
1044 1288 1080 1353 in
1107 1295 1242 1369 senatu,
1265 1289 1452 1378 explicavit

335 1394 1451 1464 CaesarisclementiamiuM.Marcellocouservandodeclaratam

336 1500 492 1589 ejusdcm
513 1499 646 1568 bellicis
672 1499 835 1567 laudibus
859 1501 915 1567 vel
941 1501 1103 1568 maximis
1128 1524 1168 1568 eo
1190 1503 1451 1571 anteferendam

336 1630 422 1682 esse,
437 1607 527 1696 quod
549 1605 653 1695 hujus
669 1606 799 1695 gloriae
815 1607 851 1672 in
876 1608 950 1674 sola
969 1608 1078 1675 animi
1104 1608 1345 1697 magnitudine
1362 1611 1453 1699 posi-

334 1721 387 1783 tae
404 1735 517 1803 neque
531 1714 663 1779 socium
686 1734 899 1802 quemquam
915 1714 1025 1781 alium
1040 1714 1166 1781 Caesar
1183 1713 1324 1782 haberet
1340 1699 1452 1806 neque

336 1820 443 1888 ullam
468 1826 615 1910 partem,
634 1820 722 1886 sicut
739 1844 756 1885 c
771 1820 806 1885 in
828 1821 933 1886 armis
955 1846 986 1899 a,
1004 1822 1178 1888 Fortunae
1193 1820 1399 1907 debuisset(
1425 1823 1449 1912 )

381 1926 514 2007 Quibus
535 1932 648 1993 autem
670 1926 753 1993 locis
774 1928 807 1992 in
825 1927 1051 2015 judicialibus
1077 1928 1183 1994 etiam
1203 1930 1317 2008 causis
1334 1936 1453 1995 orator

336 2034 370 2099 in
397 2034 595 2123 cognitione
611 2017 691 2098 cum
718 2034 889 2100 virtutum
913 2034 1152 2123 vitiorumque
1174 2038 1251 2099 tum
1272 2035 1451 2101 variarum

335 2140 444 2208 animi
474 2140 730 2229 permotionum
748 2140 795 2229 (5)
809 2145 1020 2221 versaretur,
1038 2140 1073 2207 id
1090 2140 1208 2208 Cicero
1224 2164 1286 2231 per
1300 2140 1361 2207 illa
1376 2141 1452 2230 ipsa

335 2245 571 2312 minutissima
601 2250 782 2334 praecepta
801 2243 969 2312 traditum
993 2256 1186 2336 acceperat,
1214 2248 1341 2338 quibus
1362 2249 1451 2314 Her·
1516 2335 1521 2343 .

336 2373 494 2440 magoras
530 2351 735 2439 praesertim
771 2351 901 2440 aliique
942 2350 1065 2419 deiude
1103 2353 1260 2423 rhetores
1294 2354 1451 2443 singulas

337 2478 560 2525 «causarum
586 2458 849 2524 constitutiones
878 2484 894 2523 n
916 2460 1109 2546 generatim
1135 2461 1324 2551 descriptas
1346 2463 1452 2550 parti-

337 2571 456 2654 tasque
478 2566 728 2641 instruxerant,
746 2586 967 2655 quorumque
994 2569 1252 2635 accuratissima
1277 2569 1452 2636 notatione

334 2674 529 2762 simplicem
545 2670 766 2738 Aristotelian
777 2670 971 2739 rhetoricae
986 2675 1193 2758 gravitatem
1205 2697 1266 2761 pro
1281 2697 1342 2741 suo
1359 2676 1453 2763 quis-

334 2802 401 2868 que
422 2781 583 2846 acumine
603 2800 727 2844 ornare
748 2778 813 2845 sibi
829 2780 894 2844 visi
915 2786 1024 2845 erant.
1047 2781 1182 2846 Horum
1198 2781 1308 2869 igitur
1323 2782 1451 2847 doctri-

333 2908 415 2953 nam
450 2909 600 2975 sequens
629 2885 676 2974 (6)
709 2885 919 2952 insecundo
947 2885 988 2951 de
1017 2886 1212 2952 laceratione
1235 2885 1324 2952 libro
1351 2887 1451 2954 etde

335 3020 350 3052 (ι
373 2992 600 3081 conjecturali
620 2992 897 3059 constitutione»
916 2994 1068 3081 primum
1086 2994 1272 3081 separatim
1293 2993 1450 3059 conside-

334 3102 408 3165 rata
436 3101 484 3165 sic
509 3105 664 3166 statuens
679 3100 739 3186 (1),
758 3121 775 3163 u
800 3120 939 3164 omnem
960 3097 1197 3183 conjecturam
1214 3121 1255 3165 ex
1275 3120 1392 3180 causa,
1407 3122 1450 3165 ex

334 3227 494 3293 persona,
512 3228 554 3271 ex
574 3205 663 3272 facto
684 3205 760 3294 ipso
779 3204 981 3293 capiendam
1002 3228 1076 3271 esse
1098 3233 1128 3284 n,
1151 3212 1238 3278 tum,
1261 3226 1365 3271 causa
1384 3233 1399 3265 α
1413 3206 1449 3271 in

334 3312 583 3400 impulsionem
594 3318 627 3378 et
642 3312 678 3377 in
691 3310 993 3377 ratiocinationem
1005 3310 1135 3377 tributa
1147 3310 1195 3399 (6)
1214 3335 1243 3384 o,
1257 3311 1451 3399 exponebat

336 3417 509 3507 quomodo
543 3424 576 3485 et
609 3417 800 3484 accusatori
830 3423 863 3484 et
891 3416 1066 3503 defensori
1096 3445 1111 3478 «
1136 3419 1210 3507 ipsu
1241 3418 1313 3507 ejus
1341 3418 1451 3484 animi

363 3626 397 3686 (1)
410 3624 448 3673 De
465 3624 509 3673 Or.
522 3624 555 3683 ΙΙ,
571 3624 626 3671 319.

362 3696 398 3758 (1)
416 3696 445 3745 V.
462 3695 551 3757 ipsam
562 3694 713 3742 orationem
729 3693 761 3755 (3)
775 3708 780 3741 :
795 3692 826 3742 de
841 3694 880 3744 rei
894 3694 1118 3758 amplificatione,
1134 3697 1218 3753 ‘ra-42,
1235 3722 1264 3731 -
1276 3697 1356 3759 atque
1367 3697 1451 3747 etiam

332 3768 409 3815 43-46
421 3766 445 3827 (((
456 3764 488 3814 de
505 3764 725 3814 auctoritateviri
740 3769 763 3824 a]
779 3767 806 3813 et
820 3766 894 3813 lr-so
910 3766 952 3826 (de
966 3766 1025 3827 ejus
1042 3764 1194 3815 «felicitate
1211 3771 1241 3829 »).

364 3837 396 3899 (3)
412 3837 487 3885 Sicut
501 3834 635 3883 indicatur
649 3834 726 3882 initio
739 3834 823 3898 ipsius
839 3837 970 3885 orationis
982 3851 988 3896 ;
1002 3836 1092 3884 Cicero
1101 3839 1166 3884 tuno
1182 3839 1290 3899 praetor
1299 3840 1357 3887 erat
1367 3841 1449 3900 (anno

333 3910 397 3970 668).
414 3909 451 3956 De
463 3920 494 3955 ea
509 3906 639 3962 oratione,
655 3904 689 3953 ci.
708 3905 857 3959 Orat.,102.

364 3979 396 4038 tl)
413 3977 443 4026 V.
462 3978 550 4039 ipsam
566 3976 727 4034 orationem,
741 3988 800 4037 cap.
822 3978 872 4023 2-6.

364 4049 396 4110 (6)
413 4049 449 4096 De
479 4047 563 4095 animi
576 4046 777 4109 permotionum
802 4047 956 4108 cognitione
973 4046 1016 4095 hic
1032 4048 1198 4108 quaerimus
1218 4050 1353 4110 quatenus
1369 4064 1401 4098 ea
1415 4050 1449 4099 ad

332 4116 540 4182 argumentandi
567 4116 636 4165 locos
664 4116 788 4179 pertinet,
816 4130 872 4164 non
887 4116 920 4164 ad
935 4130 996 4165 eam
1011 4117 1167 4166 auditorum
1186 4118 1331 4167 affectuum
1346 4121 1446 4170 tracta-

332 4189 435 4239 tionem
449 4187 490 4249 (de
502 4201 555 4250 qua
569 4188 631 4235 ante
642 4186 726 4235 locuti
742 4201 837 4236 sumus
853 4201 989 4250 quamque
1005 4186 1079 4236 Plato
1091 4188 1268 4261 ψυχαγωγίαν
1274 4189 1448 4254 appellabat).

363 4261 401 4322 (6)
416 4261 452 4309 De
474 4258 556 4309 variis
571 4270 665 4306 eorum
691 4257 821 4306 doctrinis
837 4256 983 4320 (exquibus
997 4277 1008 4300 «ι
1025 4260 1255 4309 excellentissima
1273 4273 1396 4323 quaeque
1414 4262 1448 4310 li-

331 4330 414 4379 bandi
430 4348 442 4377 »
461 4330 552 4379 Cicero
567 4329 649 4389 hujus
664 4327 814 4375 rhetoricae
840 4328 955 4390 scriptor
978 4327 1031 4375 sibi
1056 4328 1144 4391 legem
1158 4329 1256 4378 iecisse
1272 4344 1301 4378 se
1324 4329 1388 4379 dicit
1402 4333 1450 4391 (De

332 4402 387 4450 lno.
402 4401 506 4463 11,1-5),
533 4412 589 4447 non
601 4399 645 4447 hic
667 4396 813 4460 quaerendi
828 4397 903 4447 locus
915 4398 1171 4461 est;Hermag0rae
1196 4400 1282 4463 ipsius
1306 4402 1448 4464 opiniones

332 4486 405 4521 nunc
417 4473 585 4533 sequentem,
600 4482 673 4517 nunc
687 4469 853 4529 rejicientem
875 4481 938 4517 eum
953 4466 1075 4517 videmus
1102 4471 1133 4530 (1,
1147 4472 1170 4528 6,
1185 4471 1223 4529 12,
1240 4472 1278 4529 16,
1294 4473 1342 4533 er).
1362 4499 1392 4508 -
1413 4474 1449 4522 De

332 4544 505 4603 Hermagora,
522 4540 555 4589 cl.
570 4540 645 4587 Brut.
664 4542 718 4596 263,
734 4539 786 4586 au.

368 4613 400 4675 (1)
418 4614 444 4660 et
460 4612 491 4673 (8)
515 4609 716 4669 belunenen,
733 4610 770 4667 16,
789 4610 826 4657 lt.
