<?xml version="1.0" encoding="UTF-8"?>
<!DOCTYPE html PUBLIC "-//W3C//DTD XHTML 1.0 Transitional//EN"
    "http://www.w3.org/TR/xhtml1/DTD/xhtml1-transitional.dtd">
<html xmlns="http://www.w3.org/1999/xhtml" xml:lang="en" lang="en">
 <head>
  <title>
</title>
<meta http-equiv="Content-Type" content="text/html;charset=utf-8" />
  <meta name='ocr-system' content='tesseract 3.04.00' />
  <meta name='ocr-capabilities' content='ocr_page ocr_carea ocr_par ocr_line ocrx_word'/>
</head>
<body>
  <div class='ocr_page' id='page_1' title='image "./quantumphilosop01liebgoog_0050.png"; bbox 0 0 3742 5167; ppageno 0'>
   <div class='ocr_carea' id='block_1_1' title="bbox 1711 568 2065 633">
    <p class='ocr_par' dir='ltr' id='par_1_1' title="bbox 1711 568 2065 633">
     <span class='ocr_line' id='line_1_1' title="bbox 1711 568 2065 633; baseline -0.006 -15"><span class='ocrx_word' id='word_1_1' title='bbox 1711 568 2065 633; x_wconf 78' lang='grc'><strong>-38-</strong></span> 
     </span>
    </p>
   </div>
   <div class='ocr_carea' id='block_1_2' title="bbox 756 736 3104 3712">
    <p class='ocr_par' dir='ltr' id='par_1_2' title="bbox 780 736 3015 934">
     <span class='ocr_line' id='line_1_2' title="bbox 780 736 3015 817; baseline -0.001 -12"><span class='ocrx_word' id='word_1_2' title='bbox 780 741 885 809; x_wconf 73' lang='lat' dir='ltr'><strong>rel</strong></span> <span class='ocrx_word' id='word_1_3' title='bbox 933 737 1405 805; x_wconf 68' lang='lat' dir='ltr'><strong>familiaritate</strong></span> <span class='ocrx_word' id='word_1_4' title='bbox 1449 761 1614 805; x_wconf 81' lang='lat' dir='ltr'><strong>ueus</strong></span> <span class='ocrx_word' id='word_1_5' title='bbox 1646 746 1815 817; x_wconf 85' lang='lat' dir='ltr'><strong>erat,</strong></span> <span class='ocrx_word' id='word_1_6' title='bbox 1853 760 1893 804; x_wconf 92' lang='lat' dir='ltr'><strong>a</strong></span> <span class='ocrx_word' id='word_1_7' title='bbox 1917 736 2114 804; x_wconf 91' lang='lat' dir='ltr'><strong>nulla</strong></span> <span class='ocrx_word' id='word_1_8' title='bbox 2139 759 2381 804; x_wconf 90' lang='lat' dir='ltr'><strong>earum</strong></span> <span class='ocrx_word' id='word_1_9' title='bbox 2426 740 2711 807; x_wconf 89' lang='lat' dir='ltr'><strong>omnino</strong></span> <span class='ocrx_word' id='word_1_10' title='bbox 2744 737 3015 805; x_wconf 87' lang='lat' dir='ltr'><strong>alienus</strong></span> 
     </span>
     <span class='ocr_line' id='line_1_3' title="bbox 780 844 2549 934; baseline -0.001 -21"><span class='ocrx_word' id='word_1_11' title='bbox 780 849 861 913; x_wconf 90' lang='lat' dir='ltr'><strong>ad</strong></span> <span class='ocrx_word' id='word_1_12' title='bbox 909 849 1085 913; x_wconf 78' lang='lat' dir='ltr'><strong>hane</strong></span> <span class='ocrx_word' id='word_1_13' title='bbox 1121 845 1469 913; x_wconf 81' lang='lat' dir='ltr'><strong>lraetauda</strong></span> <span class='ocrx_word' id='word_1_14' title='bbox 1485 869 1545 909; x_wconf 76' lang='lat' dir='ltr'><strong>ni</strong></span> <span class='ocrx_word' id='word_1_15' title='bbox 1576 846 2056 934; x_wconf 86' lang='lat' dir='ltr'><strong>quaestionem</strong></span> <span class='ocrx_word' id='word_1_16' title='bbox 2088 844 2473 912; x_wconf 81' lang='lat' dir='ltr'><strong>accedebat.</strong></span> <span class='ocrx_word' id='word_1_17' title='bbox 2546 931 2549 934; x_wconf 21' lang='grc' dir='ltr'>Ι</span> 
     </span>
    </p>

    <p class='ocr_par' dir='ltr' id='par_1_3' title="bbox 780 952 3015 2754">
     <span class='ocr_line' id='line_1_4' title="bbox 873 952 3013 1044; baseline -0.002 -23"><span class='ocrx_word' id='word_1_18' title='bbox 873 957 1057 1025; x_wconf 86' lang='lat' dir='ltr'><strong>luter</strong></span> <span class='ocrx_word' id='word_1_19' title='bbox 1093 953 1217 1021; x_wconf 79' lang='lat' dir='ltr'><strong>liae</strong></span> <span class='ocrx_word' id='word_1_20' title='bbox 1253 953 1465 1044; x_wconf 61' lang='lat' dir='ltr'><strong>igilur</strong></span> <span class='ocrx_word' id='word_1_21' title='bbox 1505 953 1802 1019; x_wconf 81' lang='lat' dir='ltr'><strong>familias</strong></span> <span class='ocrx_word' id='word_1_22' title='bbox 1860 975 2021 1019; x_wconf 91' lang='lat' dir='ltr'><strong>cum</strong></span> <span class='ocrx_word' id='word_1_23' title='bbox 2061 952 2245 1020; x_wconf 84' lang='lat' dir='ltr'><strong>ultro</strong></span> <span class='ocrx_word' id='word_1_24' title='bbox 2278 953 2622 1041; x_wconf 82' lang='lat' dir='ltr'><strong>significat</strong></span> <span class='ocrx_word' id='word_1_25' title='bbox 2661 976 2733 1020; x_wconf 88' lang='lat' dir='ltr'><strong>se</strong></span> <span class='ocrx_word' id='word_1_26' title='bbox 2795 980 2825 1014; x_wconf 89' lang='lat'>«</span> <span class='ocrx_word' id='word_1_27' title='bbox 2877 974 3013 1019; x_wconf 92' lang='lat' dir='ltr'><strong>non</strong></span> 
     </span>
     <span class='ocr_line' id='line_1_5' title="bbox 780 1059 3015 1153; baseline -0.002 -24"><span class='ocrx_word' id='word_1_28' title='bbox 780 1085 1113 1153; x_wconf 85' lang='lat' dir='ltr'><strong>quaerere</strong></span> <span class='ocrx_word' id='word_1_29' title='bbox 1141 1085 1317 1149; x_wconf 84' lang='lat' dir='ltr'><strong>quae</strong></span> <span class='ocrx_word' id='word_1_30' title='bbox 1349 1061 1441 1125; x_wconf 82' lang='lat' dir='ltr'><strong>eit</strong></span> <span class='ocrx_word' id='word_1_31' title='bbox 1481 1059 1928 1149; x_wconf 77' lang='lat' dir='ltr'><strong>philosophia</strong></span> <span class='ocrx_word' id='word_1_32' title='bbox 1969 1060 2357 1140; x_wconf 87' lang='lat' dir='ltr'><strong>verissima,</strong></span> <span class='ocrx_word' id='word_1_33' title='bbox 2386 1059 2503 1127; x_wconf 87' lang='lat' dir='ltr'><strong>sed</strong></span> <span class='ocrx_word' id='word_1_34' title='bbox 2540 1083 2716 1149; x_wconf 90' lang='lat' dir='ltr'><strong>quae</strong></span> <span class='ocrx_word' id='word_1_35' title='bbox 2756 1060 3015 1127; x_wconf 87' lang='lat' dir='ltr'><strong>oratori</strong></span> 
     </span>
     <span class='ocr_line' id='line_1_6' title="bbox 780 1166 3015 1257; baseline -0.002 -20"><span class='ocrx_word' id='word_1_36' title='bbox 780 1177 1145 1257; x_wconf 75' lang='lat' dir='ltr'><strong>eenjuneta</strong></span> <span class='ocrx_word' id='word_1_37' title='bbox 1197 1169 1373 1233; x_wconf 68' lang='lat' dir='ltr'><strong>maai</strong></span> <span class='ocrx_word' id='word_1_38' title='bbox 1389 1189 1493 1233; x_wconf 85' lang='lat' dir='ltr'><strong>me</strong></span> <span class='ocrx_word' id='word_1_39' title='bbox 1525 1166 1619 1256; x_wconf 76' lang='grc'><strong>[1)</strong></span> <span class='ocrx_word' id='word_1_40' title='bbox 1655 1196 1714 1247; x_wconf 86' lang='lat'><strong>»‚</strong></span> <span class='ocrx_word' id='word_1_41' title='bbox 1747 1173 1899 1234; x_wconf 91' lang='lat' dir='ltr'><strong>tum</strong></span> <span class='ocrx_word' id='word_1_42' title='bbox 1930 1166 2047 1233; x_wconf 91' lang='lat' dir='ltr'><strong>ille</strong></span> <span class='ocrx_word' id='word_1_43' title='bbox 2079 1166 2370 1233; x_wconf 85' lang='lat' dir='ltr'><strong>Crassus</strong></span> <span class='ocrx_word' id='word_1_44' title='bbox 2412 1167 2757 1233; x_wconf 83' lang='lat' dir='ltr'><strong>Ciceronis</strong></span> <span class='ocrx_word' id='word_1_45' title='bbox 2804 1168 3015 1233; x_wconf 88' lang='lat' dir='ltr'><strong>inter-</strong></span> 
     </span>
     <span class='ocr_line' id='line_1_7' title="bbox 784 1272 3014 1369; baseline -0.002 -25"><span class='ocrx_word' id='word_1_46' title='bbox 784 1301 937 1369; x_wconf 75' lang='lat' dir='ltr'><strong>pree</strong></span> <span class='ocrx_word' id='word_1_47' title='bbox 993 1277 1369 1365; x_wconf 78' lang='lat' dir='ltr'><strong>Epieureee</strong></span> <span class='ocrx_word' id='word_1_48' title='bbox 1439 1273 1741 1365; x_wconf 81' lang='lat' dir='ltr'><strong>primum</strong></span> <span class='ocrx_word' id='word_1_49' title='bbox 1807 1278 2108 1356; x_wconf 77' lang='lat' dir='ltr'><strong>amovet,</strong></span> <span class='ocrx_word' id='word_1_50' title='bbox 2162 1274 2419 1363; x_wconf 87' lang='lat' dir='ltr'><strong>quippe</strong></span> <span class='ocrx_word' id='word_1_51' title='bbox 2495 1295 2793 1362; x_wconf 86' lang='lat' dir='ltr'><strong>quorum</strong></span> <span class='ocrx_word' id='word_1_52' title='bbox 2850 1272 3014 1340; x_wconf 90' lang='lat' dir='ltr'><strong>defi·</strong></span> 
     </span>
     <span class='ocr_line' id='line_1_8' title="bbox 780 1379 3015 1469; baseline -0.001 -20"><span class='ocrx_word' id='word_1_53' title='bbox 780 1385 1011 1453; x_wconf 83' lang='lat' dir='ltr'><strong>niendi</strong></span> <span class='ocrx_word' id='word_1_54' title='bbox 1049 1413 1077 1445; x_wconf 71' lang='lat' dir='ltr'><strong>a</strong></span> <span class='ocrx_word' id='word_1_55' title='bbox 1133 1385 1390 1449; x_wconf 75' lang='lat' dir='ltr'><strong>eumuii</strong></span> <span class='ocrx_word' id='word_1_56' title='bbox 1437 1381 1591 1446; x_wconf 73' lang='lat' dir='ltr'><strong>lieni</strong></span> <span class='ocrx_word' id='word_1_57' title='bbox 1627 1408 1656 1440; x_wconf 92' lang='lat'>»</span> <span class='ocrx_word' id='word_1_58' title='bbox 1697 1381 2041 1446; x_wconf 88' lang='lat' dir='ltr'><strong>rationem</strong></span> <span class='ocrx_word' id='word_1_59' title='bbox 2074 1379 2195 1469; x_wconf 81' lang='lat'>(2),</span> <span class='ocrx_word' id='word_1_60' title='bbox 2234 1407 2266 1442; x_wconf 92' lang='lat'>«</span> <span class='ocrx_word' id='word_1_61' title='bbox 2311 1381 2586 1446; x_wconf 88' lang='lat' dir='ltr'><strong>etiamsi</strong></span> <span class='ocrx_word' id='word_1_62' title='bbox 2646 1380 3015 1448; x_wconf 88' lang='lat' dir='ltr'><strong>verissima</strong></span> 
     </span>
     <span class='ocr_line' id='line_1_9' title="bbox 780 1486 3012 1581; baseline -0 -24"><span class='ocrx_word' id='word_1_63' title='bbox 780 1493 981 1581; x_wconf 62' lang='lat' dir='ltr'><strong>eitffl)</strong></span> <span class='ocrx_word' id='word_1_64' title='bbox 1041 1521 1097 1569; x_wconf 62' lang='lat' dir='ltr'><strong>a,</strong></span> <span class='ocrx_word' id='word_1_65' title='bbox 1133 1497 1317 1557; x_wconf 75' lang='lat' dir='ltr'><strong>certe</strong></span> <span class='ocrx_word' id='word_1_66' title='bbox 1357 1488 1587 1573; x_wconf 72' lang='lat' dir='ltr'><strong>preeul</strong></span> <span class='ocrx_word' id='word_1_67' title='bbox 1647 1487 1888 1554; x_wconf 89' lang='lat' dir='ltr'><strong>abesse</strong></span> <span class='ocrx_word' id='word_1_68' title='bbox 1932 1486 2199 1576; x_wconf 88' lang='lat' dir='ltr'><strong>judicet</strong></span> <span class='ocrx_word' id='word_1_69' title='bbox 2260 1514 2290 1548; x_wconf 93' lang='lat'>«</span> <span class='ocrx_word' id='word_1_70' title='bbox 2336 1490 2420 1555; x_wconf 90' lang='lat' dir='ltr'><strong>ab</strong></span> <span class='ocrx_word' id='word_1_71' title='bbox 2482 1512 2561 1557; x_wconf 92' lang='lat' dir='ltr'><strong>eo</strong></span> <span class='ocrx_word' id='word_1_72' title='bbox 2611 1490 2761 1556; x_wconf 87' lang='lat' dir='ltr'><strong>viro</strong></span> <span class='ocrx_word' id='word_1_73' title='bbox 2803 1512 3012 1578; x_wconf 89' lang='lat' dir='ltr'><strong>quem</strong></span> 
     </span>
     <span class='ocr_line' id='line_1_10' title="bbox 780 1592 3014 1689; baseline -0.001 -23"><span class='ocrx_word' id='word_1_74' title='bbox 780 1605 1093 1689; x_wconf 66' lang='lat' dir='ltr'><strong>quaerat,</strong></span> <span class='ocrx_word' id='word_1_75' title='bbox 1129 1605 1193 1665; x_wconf 83' lang='lat' dir='ltr'><strong>et</strong></span> <span class='ocrx_word' id='word_1_76' title='bbox 1237 1617 1445 1685; x_wconf 78' lang='lat' dir='ltr'><strong>quani</strong></span> <span class='ocrx_word' id='word_1_77' title='bbox 1485 1599 1838 1659; x_wconf 84' lang='lat' dir='ltr'><strong>auctorem</strong></span> <span class='ocrx_word' id='word_1_78' title='bbox 1904 1592 2162 1681; x_wconf 88' lang='lat' dir='ltr'><strong>publici</strong></span> <span class='ocrx_word' id='word_1_79' title='bbox 2228 1594 2499 1662; x_wconf 87' lang='lat' dir='ltr'><strong>consilii</strong></span> <span class='ocrx_word' id='word_1_80' title='bbox 2559 1602 2623 1663; x_wconf 89' lang='lat' dir='ltr'><strong>et</strong></span> <span class='ocrx_word' id='word_1_81' title='bbox 2675 1596 3014 1685; x_wconf 87' lang='lat' dir='ltr'><strong>regendae</strong></span> 
     </span>
     <span class='ocr_line' id='line_1_11' title="bbox 780 1701 3012 1792; baseline -0.003 -15"><span class='ocrx_word' id='word_1_82' title='bbox 780 1709 1073 1777; x_wconf 63' lang='lat' dir='ltr'><strong>eivitalie</strong></span> <span class='ocrx_word' id='word_1_83' title='bbox 1117 1705 1361 1769; x_wconf 84' lang='lat' dir='ltr'><strong>dueem</strong></span> <span class='ocrx_word' id='word_1_84' title='bbox 1385 1709 1453 1769; x_wconf 81' lang='lat' dir='ltr'><strong>et</strong></span> <span class='ocrx_word' id='word_1_85' title='bbox 1485 1701 1861 1767; x_wconf 80' lang='lat' dir='ltr'><strong>eententiae</strong></span> <span class='ocrx_word' id='word_1_86' title='bbox 1904 1707 2109 1787; x_wconf 87' lang='lat' dir='ltr'><strong>atque</strong></span> <span class='ocrx_word' id='word_1_87' title='bbox 2150 1701 2587 1791; x_wconf 68' lang='lat' dir='ltr'><strong>eloquentiae</strong></span> <span class='ocrx_word' id='word_1_88' title='bbox 2630 1704 3012 1792; x_wconf 78' lang='lat' dir='ltr'><strong>principem</strong></span> 
     </span>
     <span class='ocr_line' id='line_1_12' title="bbox 780 1807 3013 1899; baseline -0 -22"><span class='ocrx_word' id='word_1_89' title='bbox 780 1817 849 1878; x_wconf 89' lang='lat' dir='ltr'><strong>in</strong></span> <span class='ocrx_word' id='word_1_90' title='bbox 889 1817 1233 1889; x_wconf 43' lang='lat' dir='ltr'><strong>eenatufflin</strong></span> <span class='ocrx_word' id='word_1_91' title='bbox 1273 1809 1632 1897; x_wconf 43' lang='lat' dir='ltr'><strong>pepuleffin</strong></span> <span class='ocrx_word' id='word_1_92' title='bbox 1653 1808 1881 1874; x_wconf 89' lang='lat' dir='ltr'><strong>causis</strong></span> <span class='ocrx_word' id='word_1_93' title='bbox 1923 1807 2217 1893; x_wconf 87' lang='lat' dir='ltr'><strong>publicis</strong></span> <span class='ocrx_word' id='word_1_94' title='bbox 2241 1832 2391 1876; x_wconf 88' lang='lat' dir='ltr'><strong>esse</strong></span> <span class='ocrx_word' id='word_1_95' title='bbox 2434 1810 2601 1877; x_wconf 90' lang='lat' dir='ltr'><strong>velit</strong></span> <span class='ocrx_word' id='word_1_96' title='bbox 2653 1838 2685 1871; x_wconf 90' lang='lat'>»</span> <span class='ocrx_word' id='word_1_97' title='bbox 2718 1812 2805 1899; x_wconf 69' lang='lat'><strong>(4)</strong></span> <span class='ocrx_word' id='word_1_98' title='bbox 2845 1832 2858 1891; x_wconf 82' lang='lat'>3</span> <span class='ocrx_word' id='word_1_99' title='bbox 2891 1832 3013 1876; x_wconf 91' lang='lat' dir='ltr'><strong>ne-</strong></span> 
     </span>
     <span class='ocr_line' id='line_1_13' title="bbox 780 1914 3011 2005; baseline -0.001 -20"><span class='ocrx_word' id='word_1_100' title='bbox 780 1945 913 2005; x_wconf 84' lang='lat' dir='ltr'><strong>que</strong></span> <span class='ocrx_word' id='word_1_101' title='bbox 946 1941 1109 1985; x_wconf 67' lang='lat' dir='ltr'><strong>rere</strong></span> <span class='ocrx_word' id='word_1_102' title='bbox 1143 1921 1389 2005; x_wconf 83' lang='lat' dir='ltr'><strong>injuria</strong></span> <span class='ocrx_word' id='word_1_103' title='bbox 1425 1917 1521 1981; x_wconf 83' lang='lat' dir='ltr'><strong>eie</strong></span> <span class='ocrx_word' id='word_1_104' title='bbox 1553 1914 1682 1981; x_wconf 91' lang='lat' dir='ltr'><strong>hoc</strong></span> <span class='ocrx_word' id='word_1_105' title='bbox 1714 1915 2016 1982; x_wconf 88' lang='lat' dir='ltr'><strong>maxime</strong></span> <span class='ocrx_word' id='word_1_106' title='bbox 2043 1914 2343 2005; x_wconf 85' lang='lat' dir='ltr'><strong>objicere</strong></span> <span class='ocrx_word' id='word_1_107' title='bbox 2374 1916 2470 1982; x_wconf 92' lang='lat' dir='ltr'><strong>sic</strong></span> <span class='ocrx_word' id='word_1_108' title='bbox 2495 1916 2796 1996; x_wconf 86' lang='lat' dir='ltr'><strong>videtur,</strong></span> <span class='ocrx_word' id='word_1_109' title='bbox 2830 1916 3011 2005; x_wconf 90' lang='lat' dir='ltr'><strong>quod</strong></span> 
     </span>
     <span class='ocr_line' id='line_1_14' title="bbox 784 2022 3013 2113; baseline 0.002 -28"><span class='ocrx_word' id='word_1_110' title='bbox 784 2057 809 2085; x_wconf 69' lang='lat' dir='ltr'><strong>a</strong></span> <span class='ocrx_word' id='word_1_111' title='bbox 873 2025 1129 2093; x_wconf 70' lang='lat' dir='ltr'><strong>rereari</strong></span> <span class='ocrx_word' id='word_1_112' title='bbox 1181 2025 1245 2089; x_wconf 88' lang='lat' dir='ltr'><strong>in</strong></span> <span class='ocrx_word' id='word_1_113' title='bbox 1305 2024 1654 2113; x_wconf 76' lang='lat' dir='ltr'><strong>republica</strong></span> <span class='ocrx_word' id='word_1_114' title='bbox 1695 2030 1951 2111; x_wconf 83' lang='lat' dir='ltr'><strong>negent</strong></span> <span class='ocrx_word' id='word_1_115' title='bbox 2006 2045 2155 2089; x_wconf 86' lang='lat' dir='ltr'><strong>esse</strong></span> <span class='ocrx_word' id='word_1_116' title='bbox 2208 2024 2540 2111; x_wconf 80' lang='lat' dir='ltr'><strong>sapientis</strong></span> <span class='ocrx_word' id='word_1_117' title='bbox 2579 2052 2608 2085; x_wconf 91' lang='lat'>»</span> <span class='ocrx_word' id='word_1_118' title='bbox 2647 2023 2743 2113; x_wconf 60' lang='lat'><strong>(5)</strong></span> <span class='ocrx_word' id='word_1_119' title='bbox 2786 2022 3013 2113; x_wconf 89' lang='lat' dir='ltr'><strong>:quod</strong></span> 
     </span>
     <span class='ocr_line' id='line_1_15' title="bbox 780 2129 3011 2221; baseline -0.001 -24"><span class='ocrx_word' id='word_1_120' title='bbox 780 2133 1061 2221; x_wconf 85' lang='lat' dir='ltr'><strong>quidem</strong></span> <span class='ocrx_word' id='word_1_121' title='bbox 1097 2153 1493 2221; x_wconf 77' lang='lat' dir='ltr'><strong>quanquam</strong></span> <span class='ocrx_word' id='word_1_122' title='bbox 1541 2130 1639 2195; x_wconf 84' lang='lat' dir='ltr'><strong>eis</strong></span> <span class='ocrx_word' id='word_1_123' title='bbox 1682 2129 2144 2196; x_wconf 79' lang='lat' dir='ltr'><strong>contumeliae</strong></span> <span class='ocrx_word' id='word_1_124' title='bbox 2179 2137 2446 2197; x_wconf 78' lang='lat' dir='ltr'><strong>vertere</strong></span> <span class='ocrx_word' id='word_1_125' title='bbox 2479 2153 2617 2197; x_wconf 91' lang='lat' dir='ltr'><strong>non</strong></span> <span class='ocrx_word' id='word_1_126' title='bbox 2654 2131 2798 2199; x_wconf 85' lang='lat' dir='ltr'><strong>vult</strong></span> <span class='ocrx_word' id='word_1_127' title='bbox 2830 2133 3011 2217; x_wconf 84' lang='lat' dir='ltr'><strong>(nam</strong></span> 
     </span>
     <span class='ocr_line' id='line_1_16' title="bbox 780 2234 3008 2323; baseline -0.001 -18"><span class='ocrx_word' id='word_1_128' title='bbox 780 2265 893 2305; x_wconf 82' lang='lat' dir='ltr'><strong>ene</strong></span> <span class='ocrx_word' id='word_1_129' title='bbox 925 2269 953 2301; x_wconf 71' lang='lat' dir='ltr'><strong>a·</strong></span> <span class='ocrx_word' id='word_1_130' title='bbox 985 2249 1049 2305; x_wconf 81' lang='lat' dir='ltr'><strong>et</strong></span> <span class='ocrx_word' id='word_1_131' title='bbox 1077 2237 1285 2305; x_wconf 67' lang='lat' dir='ltr'><strong>liuline</strong></span> <span class='ocrx_word' id='word_1_132' title='bbox 1317 2241 1501 2301; x_wconf 70' lang='lat' dir='ltr'><strong>riree</strong></span> <span class='ocrx_word' id='word_1_133' title='bbox 1533 2241 1620 2315; x_wconf 85' lang='lat' dir='ltr'><strong>et,</strong></span> <span class='ocrx_word' id='word_1_134' title='bbox 1653 2237 1985 2323; x_wconf 89' lang='lat' dir='ltr'><strong>quoniam</strong></span> <span class='ocrx_word' id='word_1_135' title='bbox 2018 2234 2147 2302; x_wconf 89' lang='lat' dir='ltr'><strong>sibi</strong></span> <span class='ocrx_word' id='word_1_136' title='bbox 2178 2237 2271 2302; x_wconf 83' lang='lat' dir='ltr'><strong>ita</strong></span> <span class='ocrx_word' id='word_1_137' title='bbox 2300 2235 2688 2317; x_wconf 87' lang='lat' dir='ltr'><strong>videantur,</strong></span> <span class='ocrx_word' id='word_1_138' title='bbox 2713 2235 2946 2304; x_wconf 80' lang='lat' dir='ltr'><strong>beatos</strong></span> <span class='ocrx_word' id='word_1_139' title='bbox 2980 2265 3008 2297; x_wconf 91' lang='lat'>»</span> 
     </span>
     <span class='ocr_line' id='line_1_17' title="bbox 780 2344 3013 2431; baseline -0.003 -17"><span class='ocrx_word' id='word_1_140' title='bbox 780 2369 929 2413; x_wconf 81' lang='lat' dir='ltr'><strong>eeee</strong></span> <span class='ocrx_word' id='word_1_141' title='bbox 969 2345 1329 2429; x_wconf 44' lang='lat' dir='ltr'><strong>eeneedilh</strong></span> <span class='ocrx_word' id='word_1_142' title='bbox 1377 2353 1603 2409; x_wconf 78' lang='lat' dir='ltr'><strong>tamen</strong></span> <span class='ocrx_word' id='word_1_143' title='bbox 1642 2365 1779 2409; x_wconf 91' lang='lat' dir='ltr'><strong>non</strong></span> <span class='ocrx_word' id='word_1_144' title='bbox 1815 2349 2040 2431; x_wconf 90' lang='lat' dir='ltr'><strong>potest</strong></span> <span class='ocrx_word' id='word_1_145' title='bbox 2081 2365 2152 2408; x_wconf 88' lang='lat' dir='ltr'><strong>se</strong></span> <span class='ocrx_word' id='word_1_146' title='bbox 2178 2350 2414 2409; x_wconf 88' lang='lat' dir='ltr'><strong>tenere</strong></span> <span class='ocrx_word' id='word_1_147' title='bbox 2447 2344 2615 2431; x_wconf 89' lang='lat' dir='ltr'><strong>quin</strong></span> <span class='ocrx_word' id='word_1_148' title='bbox 2650 2365 2765 2409; x_wconf 89' lang='lat' dir='ltr'><strong>eos</strong></span> <span class='ocrx_word' id='word_1_149' title='bbox 2796 2344 3013 2410; x_wconf 85' lang='lat' dir='ltr'><strong>facete</strong></span> 
     </span>
     <span class='ocr_line' id='line_1_18' title="bbox 780 2447 3009 2538; baseline -0.001 -20"><span class='ocrx_word' id='word_1_150' title='bbox 780 2453 1173 2533; x_wconf 69' lang='lat' dir='ltr'><strong>admoneat,</strong></span> <span class='ocrx_word' id='word_1_151' title='bbox 1229 2473 1309 2517; x_wconf 83' lang='lat' dir='ltr'><strong>ue</strong></span> <span class='ocrx_word' id='word_1_152' title='bbox 1353 2473 1501 2517; x_wconf 83' lang='lat' dir='ltr'><strong>eam</strong></span> <span class='ocrx_word' id='word_1_153' title='bbox 1541 2448 1818 2538; x_wconf 85' lang='lat' dir='ltr'><strong>quidem</strong></span> <span class='ocrx_word' id='word_1_154' title='bbox 1864 2447 2229 2515; x_wconf 82' lang='lat' dir='ltr'><strong>delicatam</strong></span> <span class='ocrx_word' id='word_1_155' title='bbox 2262 2454 2327 2514; x_wconf 90' lang='lat' dir='ltr'><strong>et</strong></span> <span class='ocrx_word' id='word_1_156' title='bbox 2356 2449 2650 2515; x_wconf 89' lang='lat' dir='ltr'><strong>otiosam</strong></span> <span class='ocrx_word' id='word_1_157' title='bbox 2678 2452 3009 2537; x_wconf 84' lang='lat' dir='ltr'><strong>quietem,</strong></span> 
     </span>
     <span class='ocr_line' id='line_1_19' title="bbox 780 2554 3012 2649; baseline -0.001 -24"><span class='ocrx_word' id='word_1_158' title='bbox 780 2581 989 2649; x_wconf 84' lang='lat' dir='ltr'><strong>quam</strong></span> <span class='ocrx_word' id='word_1_159' title='bbox 1025 2561 1317 2625; x_wconf 67' lang='lat' dir='ltr'><strong>maxime</strong></span> <span class='ocrx_word' id='word_1_160' title='bbox 1349 2581 1425 2621; x_wconf 86' lang='lat' dir='ltr'><strong>eu</strong></span> <span class='ocrx_word' id='word_1_161' title='bbox 1445 2557 1652 2641; x_wconf 77' lang='lat' dir='ltr'><strong>piant,</strong></span> <span class='ocrx_word' id='word_1_162' title='bbox 1689 2556 1788 2621; x_wconf 90' lang='lat' dir='ltr'><strong>eis</strong></span> <span class='ocrx_word' id='word_1_163' title='bbox 1830 2554 2113 2622; x_wconf 84' lang='lat' dir='ltr'><strong>liberam</strong></span> <span class='ocrx_word' id='word_1_164' title='bbox 2161 2577 2309 2621; x_wconf 86' lang='lat' dir='ltr'><strong>esse</strong></span> <span class='ocrx_word' id='word_1_165' title='bbox 2343 2577 2567 2642; x_wconf 85' lang='lat' dir='ltr'><strong>posse,</strong></span> <span class='ocrx_word' id='word_1_166' title='bbox 2613 2557 2669 2621; x_wconf 77' lang='lat' dir='ltr'><strong>si</strong></span> <span class='ocrx_word' id='word_1_167' title='bbox 2707 2555 2799 2637; x_wconf 90' lang='lat' dir='ltr'><strong>id,</strong></span> <span class='ocrx_word' id='word_1_168' title='bbox 2829 2556 3012 2645; x_wconf 90' lang='lat' dir='ltr'><strong>quod</strong></span> 
     </span>
     <span class='ocr_line' id='line_1_20' title="bbox 780 2663 2879 2754; baseline -0.002 -20"><span class='ocrx_word' id='word_1_169' title='bbox 780 2669 861 2733; x_wconf 81' lang='lat' dir='ltr'><strong>de</strong></span> <span class='ocrx_word' id='word_1_170' title='bbox 893 2665 1201 2753; x_wconf 72' lang='lat' dir='ltr'><strong>eapiente</strong></span> <span class='ocrx_word' id='word_1_171' title='bbox 1233 2665 1606 2745; x_wconf 82' lang='lat' dir='ltr'><strong>al&#39;lirrnent,</strong></span> <span class='ocrx_word' id='word_1_172' title='bbox 1653 2663 1917 2750; x_wconf 86' lang='lat' dir='ltr'><strong>optimo</strong></span> <span class='ocrx_word' id='word_1_173' title='bbox 1965 2663 2216 2750; x_wconf 90' lang='lat' dir='ltr'><strong>cuique</strong></span> <span class='ocrx_word' id='word_1_174' title='bbox 2249 2663 2723 2752; x_wconf 82' lang='lat' dir='ltr'><strong>persuaserint</strong></span> <span class='ocrx_word' id='word_1_175' title='bbox 2761 2663 2879 2754; x_wconf 83' lang='lat'>(6).</span> 
     </span>
    </p>

    <p class='ocr_par' dir='ltr' id='par_1_4' title="bbox 756 2768 3104 3712">
     <span class='ocr_line' id='line_1_21' title="bbox 873 2768 3011 2861; baseline -0.003 -21"><span class='ocrx_word' id='word_1_176' title='bbox 873 2777 1137 2841; x_wconf 64' lang='lat' dir='ltr'><strong>ffileieue</strong></span> <span class='ocrx_word' id='word_1_177' title='bbox 1181 2793 1453 2861; x_wconf 81' lang='lat' dir='ltr'><strong>queque</strong></span> <span class='ocrx_word' id='word_1_178' title='bbox 1509 2808 1564 2817; x_wconf 82' lang='lat'><strong>--</strong></span> <span class='ocrx_word' id='word_1_179' title='bbox 1593 2791 1818 2857; x_wconf 91' lang='lat' dir='ltr'><strong>neque</strong></span> <span class='ocrx_word' id='word_1_180' title='bbox 1850 2769 1997 2835; x_wconf 91' lang='lat' dir='ltr'><strong>sine</strong></span> <span class='ocrx_word' id='word_1_181' title='bbox 2024 2768 2335 2857; x_wconf 86' lang='lat' dir='ltr'><strong>ejusdem</strong></span> <span class='ocrx_word' id='word_1_182' title='bbox 2365 2770 2642 2857; x_wconf 82' lang='lat' dir='ltr'><strong>generis</strong></span> <span class='ocrx_word' id='word_1_183' title='bbox 2669 2771 2892 2836; x_wconf 88' lang='lat' dir='ltr'><strong>ironia</strong></span> <span class='ocrx_word' id='word_1_184' title='bbox 2915 2769 3011 2859; x_wconf 84' lang='lat'><strong>(7)</strong></span> 
     </span>
     <span class='ocr_line' id='line_1_22' title="bbox 780 2874 3012 2965; baseline -0.001 -20"><span class='ocrx_word' id='word_1_185' title='bbox 780 2921 857 2929; x_wconf 19' lang='grc' dir='ltr'><strong>κ-</strong></span> <span class='ocrx_word' id='word_1_186' title='bbox 897 2881 1185 2945; x_wconf 81' lang='lat' dir='ltr'><strong>dimittit</strong></span> <span class='ocrx_word' id='word_1_187' title='bbox 1237 2901 1249 2945; x_wconf 93' lang='lat'>:</span> <span class='ocrx_word' id='word_1_188' title='bbox 1313 2877 1477 2943; x_wconf 89' lang='lat' dir='ltr'><strong>dum</strong></span> <span class='ocrx_word' id='word_1_189' title='bbox 1533 2876 1716 2941; x_wconf 77' lang='lat' dir='ltr'><strong>enim</strong></span> <span class='ocrx_word' id='word_1_190' title='bbox 1787 2876 1887 2942; x_wconf 91' lang='lat' dir='ltr'><strong>eis</strong></span> <span class='ocrx_word' id='word_1_191' title='bbox 1938 2874 2197 2964; x_wconf 82' lang='lat' dir='ltr'><strong>objicit,</strong></span> <span class='ocrx_word' id='word_1_192' title='bbox 2261 2904 2289 2933; x_wconf 88' lang='lat'>«</span> <span class='ocrx_word' id='word_1_193' title='bbox 2362 2898 2522 2942; x_wconf 89' lang='lat' dir='ltr'><strong>cum</strong></span> <span class='ocrx_word' id='word_1_194' title='bbox 2586 2898 2854 2954; x_wconf 82' lang='lat' dir='ltr'><strong>omneS‚</strong></span> <span class='ocrx_word' id='word_1_195' title='bbox 2893 2877 3012 2965; x_wconf 93' lang='lat' dir='ltr'><strong>qui</strong></span> 
     </span>
     <span class='ocr_line' id='line_1_23' title="bbox 780 2980 3012 3077; baseline -0.004 -22"><span class='ocrx_word' id='word_1_196' title='bbox 780 2989 1129 3077; x_wconf 79' lang='lat' dir='ltr'><strong>eapieulee</strong></span> <span class='ocrx_word' id='word_1_197' title='bbox 1157 3009 1289 3053; x_wconf 86' lang='lat' dir='ltr'><strong>nen</strong></span> <span class='ocrx_word' id='word_1_198' title='bbox 1333 2985 1497 3061; x_wconf 72' lang='lat' dir='ltr'><strong>aiut,</strong></span> <span class='ocrx_word' id='word_1_199' title='bbox 1533 2983 1739 3065; x_wconf 79' lang='lat' dir='ltr'><strong>aervi,</strong></span> <span class='ocrx_word' id='word_1_200' title='bbox 1782 2982 2114 3068; x_wconf 77' lang='lat' dir='ltr'><strong>latroneS‚</strong></span> <span class='ocrx_word' id='word_1_201' title='bbox 2146 2982 2403 3063; x_wconf 83' lang='lat' dir='ltr'><strong>hosteS,</strong></span> <span class='ocrx_word' id='word_1_202' title='bbox 2460 2983 2687 3049; x_wconf 88' lang='lat' dir='ltr'><strong>insani</strong></span> <span class='ocrx_word' id='word_1_203' title='bbox 2729 3005 2877 3049; x_wconf 90' lang='lat' dir='ltr'><strong>esse</strong></span> <span class='ocrx_word' id='word_1_204' title='bbox 2926 2980 3012 3048; x_wconf 89' lang='lat' dir='ltr'><strong>ab</strong></span> 
     </span>
     <span class='ocr_line' id='line_1_24' title="bbox 780 3089 3012 3173; baseline -0.004 -9"><span class='ocrx_word' id='word_1_205' title='bbox 780 3097 877 3165; x_wconf 86' lang='lat' dir='ltr'><strong>eie</strong></span> <span class='ocrx_word' id='word_1_206' title='bbox 925 3093 1269 3173; x_wconf 57' lang='lat' dir='ltr'><strong>die-annm</strong></span> <span class='ocrx_word' id='word_1_207' title='bbox 1313 3089 1509 3157; x_wconf 69' lang='lat' dir='ltr'><strong>valde</strong></span> <span class='ocrx_word' id='word_1_208' title='bbox 1541 3112 1703 3156; x_wconf 79' lang='lat' dir='ltr'><strong>sane</strong></span> <span class='ocrx_word' id='word_1_209' title='bbox 1729 3089 2112 3157; x_wconf 87' lang='lat' dir='ltr'><strong>absurdum</strong></span> <span class='ocrx_word' id='word_1_210' title='bbox 2145 3112 2293 3157; x_wconf 87' lang='lat' dir='ltr'><strong>esse</strong></span> <span class='ocrx_word' id='word_1_211' title='bbox 2343 3090 2405 3157; x_wconf 91' lang='lat' dir='ltr'><strong>ei</strong></span> <span class='ocrx_word' id='word_1_212' title='bbox 2436 3090 2841 3156; x_wconf 90' lang='lat' dir='ltr'><strong>concionem</strong></span> <span class='ocrx_word' id='word_1_213' title='bbox 2892 3094 3012 3155; x_wconf 91' lang='lat' dir='ltr'><strong>aut</strong></span> 
     </span>
     <span class='ocr_line' id='line_1_25' title="bbox 780 3196 3012 3290; baseline -0.004 -20"><span class='ocrx_word' id='word_1_214' title='bbox 780 3209 1093 3269; x_wconf 75' lang='lat' dir='ltr'><strong>eenalutn</strong></span> <span class='ocrx_word' id='word_1_215' title='bbox 1117 3205 1229 3265; x_wconf 85' lang='lat' dir='ltr'><strong>aul</strong></span> <span class='ocrx_word' id='word_1_216' title='bbox 1269 3201 1409 3265; x_wconf 85' lang='lat' dir='ltr'><strong>ullu</strong></span> <span class='ocrx_word' id='word_1_217' title='bbox 1425 3221 1481 3261; x_wconf 81' lang='lat' dir='ltr'><strong>nn</strong></span> <span class='ocrx_word' id='word_1_218' title='bbox 1509 3204 1781 3265; x_wconf 87' lang='lat' dir='ltr'><strong>eoetum</strong></span> <span class='ocrx_word' id='word_1_219' title='bbox 1816 3196 2181 3290; x_wconf 85' lang='lat' dir='ltr'><strong>hominum</strong></span> <span class='ocrx_word' id='word_1_220' title='bbox 2203 3196 2782 3278; x_wconf 89' lang='lat' dir='ltr'><strong>committere‚cui</strong></span> <span class='ocrx_word' id='word_1_221' title='bbox 2807 3217 3012 3261; x_wconf 90' lang='lat' dir='ltr'><strong>nemo</strong></span> 
     </span>
     <span class='ocr_line' id='line_1_26' title="bbox 783 3300 3010 3393; baseline -0.002 -20"><span class='ocrx_word' id='word_1_222' title='bbox 783 3301 1089 3389; x_wconf 64' lang='lat' dir='ltr'><strong>illerum,</strong></span> <span class='ocrx_word' id='word_1_223' title='bbox 1125 3309 1241 3393; x_wconf 82' lang='lat' dir='ltr'><strong>qni</strong></span> <span class='ocrx_word' id='word_1_224' title='bbox 1285 3305 1537 3385; x_wconf 51' lang='lat' dir='ltr'><strong>adeintff</strong></span> <span class='ocrx_word' id='word_1_225' title='bbox 1579 3325 1814 3384; x_wconf 85' lang='lat' dir='ltr'><strong>sanuS‚</strong></span> <span class='ocrx_word' id='word_1_226' title='bbox 1876 3325 2082 3369; x_wconf 92' lang='lat' dir='ltr'><strong>nemo</strong></span> <span class='ocrx_word' id='word_1_227' title='bbox 2130 3303 2325 3385; x_wconf 86' lang='lat' dir='ltr'><strong>civis,</strong></span> <span class='ocrx_word' id='word_1_228' title='bbox 2397 3324 2603 3369; x_wconf 91' lang='lat' dir='ltr'><strong>nemo</strong></span> <span class='ocrx_word' id='word_1_229' title='bbox 2649 3300 2826 3368; x_wconf 90' lang='lat' dir='ltr'><strong>liber</strong></span> <span class='ocrx_word' id='word_1_230' title='bbox 2861 3324 3010 3369; x_wconf 90' lang='lat' dir='ltr'><strong>esse</strong></span> 
     </span>
     <span class='ocr_line' id='line_1_27' title="bbox 784 3408 3007 3501; baseline -0.001 -24"><span class='ocrx_word' id='word_1_231' title='bbox 784 3417 1097 3481; x_wconf 71' lang='lat' dir='ltr'><strong>videatur</strong></span> <span class='ocrx_word' id='word_1_232' title='bbox 1165 3445 1189 3473; x_wconf 67' lang='lat' dir='ltr'><strong>a</strong></span> <span class='ocrx_word' id='word_1_233' title='bbox 1245 3413 1365 3501; x_wconf 41' lang='lat' dir='ltr'><strong>[HQ</strong></span> <span class='ocrx_word' id='word_1_234' title='bbox 1449 3409 1529 3477; x_wconf 80' lang='lat' dir='ltr'><strong>ad</strong></span> <span class='ocrx_word' id='word_1_235' title='bbox 1577 3408 1920 3498; x_wconf 84' lang='lat' dir='ltr'><strong>ejusmodi</strong></span> <span class='ocrx_word' id='word_1_236' title='bbox 2008 3409 2406 3475; x_wconf 89' lang='lat' dir='ltr'><strong>irrisionem</strong></span> <span class='ocrx_word' id='word_1_237' title='bbox 2485 3432 2556 3475; x_wconf 93' lang='lat' dir='ltr'><strong>se</strong></span> <span class='ocrx_word' id='word_1_238' title='bbox 2637 3410 3007 3490; x_wconf 84' lang='lat' dir='ltr'><strong>convertit,</strong></span> 
     </span>
     <span class='ocr_line' id='line_1_28' title="bbox 780 3514 3007 3609; baseline -0.002 -24"><span class='ocrx_word' id='word_1_239' title='bbox 780 3521 1029 3609; x_wconf 83' lang='lat' dir='ltr'><strong>quain</strong></span> <span class='ocrx_word' id='word_1_240' title='bbox 1073 3521 1469 3585; x_wconf 70' lang='lat' dir='ltr'><strong>Staieni-um</strong></span> <span class='ocrx_word' id='word_1_241' title='bbox 1501 3520 1775 3597; x_wconf 71' lang='grc' dir='ltr'>παράδοξα</span> <span class='ocrx_word' id='word_1_242' title='bbox 1835 3514 2195 3581; x_wconf 86' lang='lat' dir='ltr'><strong>intendere</strong></span> <span class='ocrx_word' id='word_1_243' title='bbox 2260 3515 2574 3581; x_wconf 89' lang='lat' dir='ltr'><strong>Ciceroni</strong></span> <span class='ocrx_word' id='word_1_244' title='bbox 2643 3516 3007 3582; x_wconf 90' lang='lat' dir='ltr'><strong>Murenam</strong></span> 
     </span>
     <span class='ocr_line' id='line_1_29' title="bbox 756 3620 3104 3712; baseline -0.002 -19"><span class='ocrx_word' id='word_1_245' title='bbox 756 3625 1173 3693; x_wconf 75' lang='lat' dir='ltr'><strong>defendenti</strong></span> <span class='ocrx_word' id='word_1_246' title='bbox 1213 3625 1653 3693; x_wconf 77' lang='lat' dir='ltr'><strong>eemniedum</strong></span> <span class='ocrx_word' id='word_1_247' title='bbox 1683 3622 1816 3688; x_wconf 86' lang='lat' dir='ltr'><strong>fuit</strong></span> <span class='ocrx_word' id='word_1_248' title='bbox 1849 3641 1863 3700; x_wconf 89' lang='lat'>;</span> <span class='ocrx_word' id='word_1_249' title='bbox 1897 3620 2016 3688; x_wconf 87' lang='lat' dir='ltr'><strong>sed</strong></span> <span class='ocrx_word' id='word_1_250' title='bbox 2065 3622 2235 3689; x_wconf 90' lang='lat' dir='ltr'><strong>haec</strong></span> <span class='ocrx_word' id='word_1_251' title='bbox 2264 3622 2586 3710; x_wconf 80' lang='lat' dir='ltr'><strong>graviora</strong></span> <span class='ocrx_word' id='word_1_252' title='bbox 2648 3621 2832 3688; x_wconf 80' lang='lat' dir='ltr'><strong>addit</strong></span> <span class='ocrx_word' id='word_1_253' title='bbox 2863 3622 2959 3712; x_wconf 88' lang='grc'><strong>(9)</strong></span> <span class='ocrx_word' id='word_1_254' title='bbox 2990 3643 3004 3689; x_wconf 90' lang='lat'>:</span> <span class='ocrx_word' id='word_1_255' title='bbox 3088 3657 3104 3675; x_wconf 66' lang='grc' dir='ltr'><em>ο</em></span> 
     </span>
    </p>
   </div>
   <div class='ocr_carea' id='block_1_3' title="bbox 780 3805 3013 4233">
    <p class='ocr_par' dir='ltr' id='par_1_5' title="bbox 780 3805 3013 4233">
     <span class='ocr_line' id='line_1_30' title="bbox 857 3805 3011 3881; baseline -0.004 -12"><span class='ocrx_word' id='word_1_256' title='bbox 857 3813 1081 3869; x_wconf 64' lang='lat' dir='ltr'><strong>aerea-iit</strong></span> <span class='ocrx_word' id='word_1_257' title='bbox 1113 3809 1257 3881; x_wconf 76' lang='lat' dir='ltr'><strong>quud</strong></span> <span class='ocrx_word' id='word_1_258' title='bbox 1297 3806 1762 3872; x_wconf 72' lang='lat' dir='ltr'><strong>uratieai5.etiam</strong></span> <span class='ocrx_word' id='word_1_259' title='bbox 1793 3820 1972 3876; x_wconf 83' lang='lat' dir='ltr'><strong>genus</strong></span> <span class='ocrx_word' id='word_1_260' title='bbox 2018 3806 2229 3861; x_wconf 86' lang='lat' dir='ltr'><strong>habent</strong></span> <span class='ocrx_word' id='word_1_261' title='bbox 2277 3805 2507 3861; x_wconf 84' lang='lat' dir='ltr'><strong>fortasse</strong></span> <span class='ocrx_word' id='word_1_262' title='bbox 2544 3806 2750 3862; x_wconf 87' lang='lat' dir='ltr'><strong>subtile</strong></span> <span class='ocrx_word' id='word_1_263' title='bbox 2776 3810 2833 3862; x_wconf 88' lang='lat' dir='ltr'><strong>et</strong></span> <span class='ocrx_word' id='word_1_264' title='bbox 2858 3811 3011 3862; x_wconf 85' lang='lat' dir='ltr'><strong>certe</strong></span> 
     </span>
     <span class='ocr_line' id='line_1_31' title="bbox 780 3894 3009 3965; baseline -0.004 -7"><span class='ocrx_word' id='word_1_265' title='bbox 780 3909 1029 3965; x_wconf 66' lang='lat' dir='ltr'><strong>aeunnin</strong></span> <span class='ocrx_word' id='word_1_266' title='bbox 1065 3901 1265 3965; x_wconf 53' lang='lat' dir='ltr'><strong>zze-dmi</strong></span> <span class='ocrx_word' id='word_1_267' title='bbox 1297 3901 1353 3953; x_wconf 83' lang='lat' dir='ltr'><strong>iu</strong></span> <span class='ocrx_word' id='word_1_268' title='bbox 1401 3905 1641 3962; x_wconf 70' lang='lat' dir='ltr'><strong>aratore,</strong></span> <span class='ocrx_word' id='word_1_269' title='bbox 1689 3894 1858 3962; x_wconf 82' lang='lat' dir='ltr'><strong>exile,</strong></span> <span class='ocrx_word' id='word_1_270' title='bbox 1908 3895 2263 3959; x_wconf 85' lang='lat' dir='ltr'><strong>inusitatum,</strong></span> <span class='ocrx_word' id='word_1_271' title='bbox 2304 3895 2614 3951; x_wconf 83' lang='lat' dir='ltr'><strong>abhorrens</strong></span> <span class='ocrx_word' id='word_1_272' title='bbox 2652 3894 2722 3949; x_wconf 90' lang='lat' dir='ltr'><strong>ab</strong></span> <span class='ocrx_word' id='word_1_273' title='bbox 2771 3895 3009 3949; x_wconf 84' lang='lat' dir='ltr'><strong>auribus</strong></span> 
     </span>
     <span class='ocr_line' id='line_1_32' title="bbox 784 3983 3009 4061; baseline -0.004 -16"><span class='ocrx_word' id='word_1_274' title='bbox 784 3993 957 4061; x_wconf 67' lang='lat' dir='ltr'><strong>vulgi.</strong></span> <span class='ocrx_word' id='word_1_275' title='bbox 1013 3993 1337 4053; x_wconf 63' lang='lat' dir='ltr'><strong>linaearum,</strong></span> <span class='ocrx_word' id='word_1_276' title='bbox 1401 3989 1584 4050; x_wconf 71' lang='lat' dir='ltr'><strong>inane,</strong></span> <span class='ocrx_word' id='word_1_277' title='bbox 1639 3984 1924 4054; x_wconf 86' lang='lat' dir='ltr'><strong>jejunum,</strong></span> <span class='ocrx_word' id='word_1_278' title='bbox 1966 3998 2031 4038; x_wconf 86' lang='lat' dir='ltr'><strong>ac</strong></span> <span class='ocrx_word' id='word_1_279' title='bbox 2083 3987 2261 4039; x_wconf 83' lang='lat' dir='ltr'><strong>totum</strong></span> <span class='ocrx_word' id='word_1_280' title='bbox 2307 3983 2603 4054; x_wconf 87' lang='lat' dir='ltr'><strong>ejusmodi,</strong></span> <span class='ocrx_word' id='word_1_281' title='bbox 2663 3997 2777 4053; x_wconf 89' lang='lat' dir='ltr'><strong>quo</strong></span> <span class='ocrx_word' id='word_1_282' title='bbox 2817 3984 2899 4038; x_wconf 88' lang='lat' dir='ltr'><strong>uti</strong></span> <span class='ocrx_word' id='word_1_283' title='bbox 2940 3984 3009 4038; x_wconf 86' lang='lat' dir='ltr'><strong>ad</strong></span> 
     </span>
     <span class='ocr_line' id='line_1_33' title="bbox 780 4071 3013 4149; baseline -0.003 -16"><span class='ocrx_word' id='word_1_284' title='bbox 780 4085 989 4149; x_wconf 62' lang='lat' dir='ltr'><strong>vulgua</strong></span> <span class='ocrx_word' id='word_1_285' title='bbox 1017 4077 1173 4133; x_wconf 75' lang='lat' dir='ltr'><strong>nullu</strong></span> <span class='ocrx_word' id='word_1_286' title='bbox 1193 4077 1353 4129; x_wconf 67' lang='lat' dir='ltr'><strong>liniue</strong></span> <span class='ocrx_word' id='word_1_287' title='bbox 1397 4077 1568 4145; x_wconf 65' lang='lat' dir='ltr'><strong>puaait</strong></span> <span class='ocrx_word' id='word_1_288' title='bbox 1607 4088 1620 4127; x_wconf 77' lang='lat' dir='ltr'><strong><em>z</em></strong></span> <span class='ocrx_word' id='word_1_289' title='bbox 1662 4072 1771 4127; x_wconf 83' lang='lat' dir='ltr'><strong>alia</strong></span> <span class='ocrx_word' id='word_1_290' title='bbox 1798 4072 1953 4127; x_wconf 82' lang='lat' dir='ltr'><strong>enim</strong></span> <span class='ocrx_word' id='word_1_291' title='bbox 1984 4077 2040 4127; x_wconf 80' lang='lat' dir='ltr'><strong>et</strong></span> <span class='ocrx_word' id='word_1_292' title='bbox 2067 4071 2211 4126; x_wconf 86' lang='lat' dir='ltr'><strong>bona</strong></span> <span class='ocrx_word' id='word_1_293' title='bbox 2248 4077 2303 4127; x_wconf 82' lang='lat' dir='ltr'><strong>et</strong></span> <span class='ocrx_word' id='word_1_294' title='bbox 2340 4071 2486 4127; x_wconf 82' lang='lat' dir='ltr'><strong>mala</strong></span> <span class='ocrx_word' id='word_1_295' title='bbox 2511 4072 2781 4127; x_wconf 81' lang='lat' dir='ltr'><strong>videntur</strong></span> <span class='ocrx_word' id='word_1_296' title='bbox 2812 4072 3013 4138; x_wconf 81' lang='lat' dir='ltr'><strong>Stoicis</strong></span> 
     </span>
     <span class='ocr_line' id='line_1_34' title="bbox 780 4159 3007 4233; baseline -0.004 -8"><span class='ocrx_word' id='word_1_297' title='bbox 780 4169 1061 4225; x_wconf 70' lang='lat' dir='ltr'><strong>eteeterie</strong></span> <span class='ocrx_word' id='word_1_298' title='bbox 1109 4169 1329 4221; x_wconf 71' lang='lat' dir='ltr'><strong>eirieua</strong></span> <span class='ocrx_word' id='word_1_299' title='bbox 1361 4165 1449 4221; x_wconf 72' lang='lat' dir='ltr'><strong>rel</strong></span> <span class='ocrx_word' id='word_1_300' title='bbox 1481 4162 1667 4233; x_wconf 72' lang='lat' dir='ltr'><strong>nutius</strong></span> <span class='ocrx_word' id='word_1_301' title='bbox 1717 4160 2034 4231; x_wconf 83' lang='lat' dir='ltr'><strong>gentibus3</strong></span> <span class='ocrx_word' id='word_1_302' title='bbox 2075 4159 2186 4215; x_wconf 86' lang='lat' dir='ltr'><strong>alia</strong></span> <span class='ocrx_word' id='word_1_303' title='bbox 2234 4160 2322 4215; x_wconf 88' lang='lat' dir='ltr'><strong>vis</strong></span> <span class='ocrx_word' id='word_1_304' title='bbox 2368 4160 2599 4216; x_wconf 87' lang='lat' dir='ltr'><strong>honoris</strong></span> <span class='ocrx_word' id='word_1_305' title='bbox 2641 4160 3007 4232; x_wconf 80' lang='lat' dir='ltr'><strong>ignominiae,</strong></span> 
     </span>
    </p>
   </div>
   <div class='ocr_carea' id='block_1_4' title="bbox 841 4365 3003 4709">
    <p class='ocr_par' dir='ltr' id='par_1_6' title="bbox 841 4365 3003 4709">
     <span class='ocr_line' id='line_1_35' title="bbox 841 4365 2695 4497; baseline -0.001 -13"><span class='ocrx_word' id='word_1_306' title='bbox 841 4369 909 4489; x_wconf 46' lang='grc' dir='ltr'><strong>[Ξῆ</strong></span> <span class='ocrx_word' id='word_1_307' title='bbox 933 4365 1013 4497; x_wconf 53' lang='grc' dir='ltr'><strong>[Ἦ</strong></span> <span class='ocrx_word' id='word_1_308' title='bbox 1033 4365 1425 4489; x_wconf 47' lang='lat' dir='ltr'><strong>ffiid.[i213;ssic&#39;ffl</strong></span> <span class='ocrx_word' id='word_1_309' title='bbox 1461 4446 1596 4497; x_wconf 69' lang='lat' dir='ltr'><strong>quae</strong></span> <span class='ocrx_word' id='word_1_310' title='bbox 1628 4432 1869 4495; x_wconf 88' lang='lat' dir='ltr'><strong>suscepit</strong></span> <span class='ocrx_word' id='word_1_311' title='bbox 1893 4431 2255 4494; x_wconf 87' lang='lat' dir='ltr'><strong>patrocinium</strong></span> <span class='ocrx_word' id='word_1_312' title='bbox 2282 4432 2638 4496; x_wconf 84' lang='lat' dir='ltr'><strong>voluptatis...</strong></span> <span class='ocrx_word' id='word_1_313' title='bbox 2672 4452 2695 4477; x_wconf 89' lang='lat'>»</span> 
     </span>
     <span class='ocr_line' id='line_1_36' title="bbox 841 4502 1797 4569; baseline -0.012 -8"><span class='ocrx_word' id='word_1_314' title='bbox 841 4509 925 4569; x_wconf 55' lang='grc' dir='ltr'><strong>μὴ.</strong></span> <span class='ocrx_word' id='word_1_315' title='bbox 961 4509 1045 4569; x_wconf 57' lang='grc'><strong>[4],</strong></span> <span class='ocrx_word' id='word_1_316' title='bbox 1077 4509 1141 4569; x_wconf 66' lang='lat' dir='ltr'><strong>ne</strong></span> <span class='ocrx_word' id='word_1_317' title='bbox 1173 4509 1221 4553; x_wconf 69' lang='lat' dir='ltr'><strong>et</strong></span> <span class='ocrx_word' id='word_1_318' title='bbox 1253 4509 1313 4565; x_wconf 62' lang='lat' dir='ltr'><strong>[es</strong></span> <span class='ocrx_word' id='word_1_319' title='bbox 1349 4505 1425 4553; x_wconf 78' lang='lat' dir='ltr'><strong>es.</strong></span> <span class='ocrx_word' id='word_1_320' title='bbox 1461 4502 1591 4551; x_wconf 72' lang='lat' dir='ltr'><strong>ibid.</strong></span> <span class='ocrx_word' id='word_1_321' title='bbox 1630 4506 1797 4552; x_wconf 82' lang='lat'><strong>63-64.</strong></span> 
     </span>
     <span class='ocr_line' id='line_1_37' title="bbox 841 4573 3003 4709; baseline -0.001 -83"><span class='ocrx_word' id='word_1_322' title='bbox 841 4585 905 4709; x_wconf 40' lang='grc' dir='ltr'><strong>ἐξ</strong></span> <span class='ocrx_word' id='word_1_323' title='bbox 937 4577 1101 4709; x_wconf 45' lang='grc' dir='ltr'><strong>ἓξὲξ</strong></span> <span class='ocrx_word' id='word_1_324' title='bbox 1113 4577 1513 4693; x_wconf 42' lang='grc' dir='ltr'><strong>ξιῶἓιὶιὲᾒιῖςὲῌπ...</strong></span> <span class='ocrx_word' id='word_1_325' title='bbox 1533 4587 1630 4623; x_wconf 86' lang='lat' dir='ltr'><strong>nec</strong></span> <span class='ocrx_word' id='word_1_326' title='bbox 1647 4588 1740 4623; x_wconf 89' lang='lat' dir='ltr'><strong>eos</strong></span> <span class='ocrx_word' id='word_1_327' title='bbox 1767 4575 1935 4623; x_wconf 86' lang='lat' dir='ltr'><strong>iratos</strong></span> <span class='ocrx_word' id='word_1_328' title='bbox 1948 4586 2152 4631; x_wconf 84' lang='lat' dir='ltr'><strong>vereor,</strong></span> <span class='ocrx_word' id='word_1_329' title='bbox 2170 4573 2429 4636; x_wconf 84' lang='lat' dir='ltr'><strong>quoniam</strong></span> <span class='ocrx_word' id='word_1_330' title='bbox 2448 4574 2612 4623; x_wconf 86' lang='lat' dir='ltr'><strong>irasci</strong></span> <span class='ocrx_word' id='word_1_331' title='bbox 2639 4575 2953 4625; x_wconf 80' lang='lat' dir='ltr'><strong>nesciunt...</strong></span> <span class='ocrx_word' id='word_1_332' title='bbox 2982 4595 3003 4619; x_wconf 90' lang='lat'>»</span> 
     </span>
    </p>
   </div>
   <div class='ocr_carea' id='block_1_5' title="bbox 3714 57 3717 1245">
    <p class='ocr_par' dir='ltr' id='par_1_7' title="bbox 3714 57 3717 1245">
     <span class='ocr_line' id='line_1_38' title="bbox 3714 57 3717 1245; baseline 0 0"><span class='ocrx_word' id='word_1_333' title='bbox 3714 57 3717 1245; x_wconf 95' lang='lat' dir='ltr'><strong> </strong></span> 
     </span>
    </p>
   </div>
   <div class='ocr_carea' id='block_1_6' title="bbox 3714 4134 3717 4673">
    <p class='ocr_par' dir='ltr' id='par_1_8' title="bbox 3714 4134 3717 4673">
     <span class='ocr_line' id='line_1_39' title="bbox 3714 4134 3717 4673; baseline 0 0"><span class='ocrx_word' id='word_1_334' title='bbox 3714 4134 3717 4673; x_wconf 95' lang='lat' dir='ltr'><strong> </strong></span> 
     </span>
    </p>
   </div>
  </div>
 </body>
</html>
