3742 5167
794 514 993 631 --ar-¹

328 729 488 812 contulit,
509 735 584 796 tum
606 729 739 798 Stoicos
760 730 910 797 maxime
923 730 1192 812 commendavit,
1223 739 1391 823 tanquam
1411 736 1447 802 in

329 836 520 927 partiendis
536 843 570 904 et
596 836 801 904 deliniendis
820 843 854 904 et
873 836 1110 905 describendis
1138 840 1247 906 animi
1268 842 1448 929 perturba-

328 943 483 1011 tionibus
502 944 703 1011 acutissime
727 944 990 1034 versantes(t);
1017 945 1114 1012 inea
1140 953 1255 1013 autem
1282 948 1445 1030 utilitate,

329 1074 417 1141 quae
447 1050 488 1117 ad
515 1053 792 1139 cognoscendam
821 1050 1038 1118 dialecticam
1076 1058 1260 1141 spectaret,
1295 1053 1338 1120 ab
1372 1056 1447 1144 ipso

329 1158 361 1223 M
401 1157 515 1224 Tullio
541 1157 675 1233 Stoicos
694 1157 935 1246 Peripateticis
948 1158 997 1224 ita
1020 1157 1199 1247 adjunctos
1215 1159 1367 1228 vidimus
1382 1160 1444 1250 (2),

330 1270 367 1331 ut
384 1264 489 1352 hujus
516 1265 659 1331 rationis
683 1273 860 1331 momento
885 1265 1050 1353 Epicurei
1077 1266 1153 1342 soli,
1181 1274 1348 1357 tanquam
1368 1268 1447 1335 dia·

329 1371 469 1438 lecticae
484 1372 717 1461 negligentes,
736 1371 872 1439 excludi
888 1373 1084 1440 videantur.
1108 1412 1145 1421 -
1174 1374 1294 1463 Neque
1325 1398 1447 1441 rursus

331 1485 460 1545 temere
480 1479 642 1546 effectum
669 1485 733 1560 est,
757 1488 796 1545 ut
816 1478 857 1545 ad
878 1478 1184 1547 demonstrandam
1205 1479 1447 1569 philosophiae
1481 1482 1485 1489 ’

328 1585 516 1652 utilitatem
546 1585 740 1675 plurimum
773 1586 804 1651 ei
842 1586 969 1652 rationi
1004 1583 1177 1653 tributum
1209 1587 1265 1661 sit.
1306 1609 1347 1652 ex
1379 1608 1447 1675 qua
1502 1621 1503 1624 ¹

330 1693 481 1759 maxime
495 1696 672 1782 appareat,
685 1696 856 1780 quantum
872 1693 1066 1759 enercitotio
1084 1692 1131 1781 (3)
1146 1691 1320 1759 doctrinae
1327 1692 1448 1781 juncta
1504 1781 1508 1785 .

312 1798 372 1866 ‚ad
396 1799 615 1867 efficiendam
644 1799 880 1888 eloquentiam
897 1799 1011 1866 valeat
1028 1820 1035 1863 :
1054 1821 1134 1866 cum
1154 1805 1274 1867 contra
1297 1799 1339 1867 ad
1363 1808 1448 1866 trac-

329 1905 451 1972 tandos
478 1906 663 1972 hominum
682 1908 827 1972 affectus
846 1905 901 1972 vel
917 1905 959 1973 ad
982 1906 1236 1996 assequendam
1261 1928 1448 1995 argumen-

329 2012 424 2080 tandi
449 2009 691 2093 subtilitatem,
717 2013 782 2078 etsi
795 2036 851 2079 ors
876 2035 945 2079 non
962 2014 1006 2078 sit
1024 2012 1170 2095 inutilis
1187 2018 1304 2080 tauren
1324 2019 1447 2079 natura

330 2120 551 2209 potissimum
571 2118 671 2203 duce,
694 2119 901 2207 praesertim
922 2117 1107 2186 accedente
1122 2142 1190 2186 usu
1211 2120 1351 2197 forensi,
1372 2142 1447 2185 ora-

328 2232 538 2300 tereretur:
565 2225 657 2314 quod
688 2225 850 2293 videlicet
874 2226 910 2292 in
943 2226 1033 2292 hanc
1055 2224 1263 2292 sententiam
1291 2247 1311 2291 a
1343 2225 1446 2295 Char·

328 2331 430 2400 mada
452 2339 570 2422 aperte
605 2333 821 2421 disputatum
856 2332 976 2399 Cicero
1003 2330 1174 2399 referebat
1195 2330 1257 2421 (l),
1292 2330 1384 2398 idem
1404 2372 1446 2382 -

328 2440 489 2528 quamvis
502 2440 628 2505 tacitus
644 2478 682 2486 —
702 2440 776 2527 ipse
797 2445 960 2527 expertus
991 2438 1211 2529 significavit.
1227 2438 1269 2504 Et
1289 2438 1444 2529 quidem,

328 2545 545 2634 quantumin
568 2545 691 2612 talibus
702 2544 896 2612 rationibus
912 2570 931 2612 a
948 2545 1090 2613 Platone
1102 2545 1299 2634 repetendis
1320 2565 1446 2636 queque

328 2653 376 2719 eis
404 2674 486 2718 sane
518 2651 655 2717 nisi-ob
686 2651 843 2740 ejusdem
877 2651 1093 2719 sublimitate
1126 2653 1284 2742 deflexis)
1324 2652 1447 2720 Cicero

328 2759 498 2825 oratoriae
548 2757 661 2824 laudis
694 2758 959 2847 amplificandae
994 2759 1109 2825 studio
1133 2761 1359 2843 concesserit,
1405 2783 1446 2825 ex

328 2887 368 2932 eo
400 2865 569 2953 suspicari
592 2864 685 2944 licet,
708 2864 800 2953 quod
821 2865 863 2931 ab
895 2887 936 2932 ea
968 2867 1193 2933 contentione
1217 2867 1310 2931 inter
1333 2864 1446 2954 philo-

329 2972 455 3061 sophos
469 2978 502 3039 et
517 2978 672 3038 oratores
693 2972 852 3038 instituta
879 2973 955 3061 ipsa
975 2974 1010 3038 in
1038 2973 1109 3038 illis
1130 2971 1170 3037 de
1186 2973 1328 3038 Oratore
1346 2971 1446 3054 libris

327 3078 498 3168 explicata
521 3078 724 3166 disceptatio
749 3077 919 3167 proficisci
946 3078 988 3145 ad
1008 3100 1155 3166 eamque
1171 3078 1309 3165 saepius
1326 3076 1445 3142 reduci

327 3186 488 3265 videtur;
515 3191 617 3274 atque
639 3185 699 3250 illa
722 3184 882 3250 Tulliana
913 3183 1154 3272 adjungendae
1181 3183 1310 3250 oratori
1335 3181 1446 3270 philo-

327 3291 469 3381 sophiae
489 3292 673 3358 ostentatio
694 3290 729 3353 in
760 3311 888 3355 vanum
927 3288 1092 3378 quiddam
1121 3287 1275 3355 recidere
1300 3288 1446 3355 fortasse

326 3397 555 3464 existimando
570 3402 673 3474 esset,
688 3396 756 3459 nisi
776 3416 816 3461 ea
837 3396 924 3461 ratio
944 3396 1158 3477 accessisset,
1177 3394 1339 3483 quemad
1363 3394 1445 3460 ulo-

326 3524 483 3569 corum»
511 3504 546 3568 in
576 3501 720 3568 dicendo
750 3523 916 3591 persaepe
945 3501 1175 3569 incidentium
1205 3504 1443 3569 tractationem

326 3629 386 3695 per
413 3613 587 3675 certarum
630 3604 932 3695 philosophiarum
970 3608 1309 3674 commendationem
1347 3631 1446 3697 spec-

326 3717 398 3779 tare
424 3713 594 3780 vidimus:
617 3734 706 3800 quae
735 3712 878 3802 quidem
900 3715 989 3779 ratio
1024 3736 1129 3803 quam
1152 3721 1230 3805 apte
1259 3716 1302 3783 ad
1327 3716 1444 3804 ipsum

326 3817 500 3884 Ciceronis
520 3839 630 3905 genus
663 3816 798 3883 dicendi
820 3819 1039 3905 pertinuerit,
1058 3828 1090 3886 et
1104 3823 1271 3909 jamnune
1293 3822 1445 3912 perspici

327 3926 438 4012 potuit
452 3933 485 3991 et
505 3946 565 4013 per
585 3924 773 3989 secundam
793 3929 931 3989 nostrae
960 3926 1159 4014 scriptionis
1179 3934 1313 4017 partem
1334 3927 1445 4015 expli-

325 4031 436 4096 caturi
453 4053 587 4096 sumus

356 4264 389 4326 (l)
405 4258 444 4309 Gi,
461 4259 579 4317 Tuscul,
596 4258 640 4315 lV,
652 4271 711 4320 cap.
728 4258 811 4320 bsqq.

356 4332 389 4392 (2)
405 4330 591 4387 ln01·at.‚ltt
607 4327 655 4383 issi.
667 4342 756 4390 supra,
770 4341 795 4390 p.
810 4331 859 4389 49),
881 4331 1011 4391 quoniam
1026 4330 1095 4378 hanc
1116 4329 1147 4378 de
1163 4330 1304 4380 dialectica
1328 4346 1445 4394 cognos-

324 4395 410 4452 cenda
421 4402 554 4451 rationem
570 4401 597 4447 in
614 4400 724 4448 Or’ctore
740 4398 849 4449 demum
865 4400 956 4449 Cicero
968 4401 1081 4464 protulit
1097 4401 1143 4454 (Cf.
1161 4416 1242 4465 supra
1257 4418 1283 4466 p.
1297 4406 1346 4462 21,.

355 4477 387 4535 (tt
405 4475 442 4521 Ea
456 4471 591 4527 videlicet,
609 4484 676 4533 quae
692 4469 762 4533 apud
779 4470 968 4533 Peripateticos
994 4471 1225 4535 Academicosque
1240 4474 1442 4530 celebrabatur,

324 4545 361 4593 Cf.
380 4545 417 4591 De
432 4543 524 4599 Finit,
539 4542 580 4598 lV,
601 4543 628 4588 10
647 4558 652 4587 :
669 4555 682 4588 u
697 4541 752 4589 Etsi
770 4541 887 4603 ingeniis
899 4543 1005 4605 magnis
1019 4542 1135 4604 praediti
1153 4542 1264 4606 quidam
1279 4546 1387 4594 dicendi
1399 4562 1444 4594 co-

322 4614 394 4673 piam
412 4614 470 4662 sine
485 4612 589 4661 ratione
604 4614 815 4672 consequuntur,
829 4625 870 4658 ars
881 4613 972 4659 tamen
985 4612 1093 4661 estdux
1105 4615 1294 4678 certiorquam
1309 4620 1416 4666 natura.
1432 4638 1443 4660 a

355 4687 388 4746 lt)
404 4685 452 4733 Per
467 4683 575 4732 Antonii
587 4696 741 4745 personam,
754 4682 792 4729 De
807 4680 862 4739 Or,
880 4682 899 4741 l,
909 4683 947 4729 9⁰.
965 4684 1025 4744 qu„
1041 4698 1131 4747 supra,
1144 4700 1171 4748 p.
1188 4688 1228 4744 25,
1240 4701 1267 4735 n.
1284 4690 1318 4750 3.)
