3742 5167
740 527 849 597 -dh
873 564 917 577 .-

222 678 224 683 ’
275 691 425 783 phorum
459 692 651 782 praeceptis
675 691 819 759 alternis
857 689 985 757 scholis
1008 690 1200 778 junxisses
1226 690 1391 761 Cicerone

274 798 475 887 diciturtlt.

806 1156 844 1212 lll

318 1375 375 1443 Sic
394 1382 554 1442 tenemus
574 1374 797 1464 praecipuam
823 1374 1008 1458 rationem,
1040 1395 1103 1440 cur
1129 1371 1171 1439 ad
1200 1373 1387 1440 oratoriam

274 1481 532 1548 institutionem
542 1481 765 1571 Peripatetici
780 1488 884 1570 atque
898 1479 1098 1547 Academici
1114 1479 1218 1546 simul
1233 1503 1253 1547 a
1267 1479 1390 1547 Crasso

275 1586 448 1654 Ciceronis
462 1588 651 1676 interprete
676 1586 840 1654 reservati
857 1587 937 1653 sint.
970 1585 1022 1653 Ad
1043 1609 1116 1654 rem
1147 1587 1326 1670 nimirum,
1349 1586 1389 1653 de

274 1715 342 1781 qua
367 1694 582 1782 quaerimus,
609 1691 954 1776 minimereserebat,
985 1692 1212 1760 Carneadiam
1237 1692 1391 1783 philoso-

275 1798 405 1887 phandi
438 1798 608 1866 rationem
634 1822 654 1867 a
687 1799 980 1889 Peripateticaita
1002 1799 1215 1882 discessisse,
1247 1798 1390 1868 utillud

275 1930 291 1965 <r
321 1903 362 1971 de
382 1905 545 1972 omnibus
564 1905 667 1972 rebus
691 1906 727 1972 in
762 1912 945 1994 utramque
978 1911 1111 1993 partem
1131 1904 1244 1973 dicere
1261 1936 1277 1967 »
1299 1906 1390 1997 apud

274 2012 522 2101 Peripateticos
554 2014 695 2080 nonnisi
731 2011 983 2079 exercitationis
1028 2034 1132 2079 cansa
1168 2018 1272 2102 atque
1297 2011 1391 2080 'lere
1425 2038 1434 2055 ·

275 2125 370 2185 extra
402 2120 515 2209 ipsam
548 2140 669 2187 eorum
702 2119 897 2186 doctrinam
931 2118 1131 2186 institutum
1169 2127 1271 2205 esset,
1306 2121 1392 2187 Aca-

274 2225 399 2293 demici
419 2248 501 2294 vero
535 2226 699 2293 adhunc
732 2226 875 2294 modum
912 2256 928 2287 o
950 2233 1070 2294 contra
1096 2248 1198 2293 omne
1236 2227 1390 2317 proposi-

194 2377 195 2381 =
273 2341 350 2401 tum
370 2333 563 2407 disserendi
588 2361 604 2395 »
622 2357 796 2401 summam
812 2334 884 2401 lere
900 2334 1010 2423 ipsius
1030 2333 1271 2424 philosophiae
1290 2336 1391 2403 ratio-

276 2464 354 2508 nem
389 2440 625 2530 redegissent:
649 2442 690 2508 ad
710 2442 898 2508 oratoriam
926 2442 1080 2531 protecto
1114 2443 1334 2533 disciplinam
1356 2446 1391 2511 in

252 2567 254 2570 ·
276 2553 422 2636 utroque
438 2570 564 2636 genere
581 2548 701 2634 eadem
729 2548 801 2615 fere
821 2549 933 2616 virtus
953 2546 1002 2638 (2)
1018 2571 1087 2616 non
1101 2558 1232 2618 temere
1246 2554 1393 2641 poneba·

274 2662 342 2722 tur.
363 2655 479 2744 Atque
507 2654 591 2722 dum
612 2655 653 2721 ad
674 2654 847 2744 ejusmodi
867 2657 1020 2723 maxime
1040 2657 1226 2725 utilitatem
1247 2659 1390 2727 Crassus

274 2784 313 2828 ea
335 2768 536 2829 convertere
556 2760 705 2847 videtur,
726 2784 815 2852 quae
828 2761 869 2830 de
884 2762 1107 2853 philosophia
1132 2765 1175 2832 ad
1196 2766 1389 2833 oratorium

273 2889 377 2933 usum
396 2867 633 2957 cognoscenda
649 2868 804 2958 primum
824 2876 1045 2959 exposuerat,
1068 2871 1171 2960 plane
1183 2894 1389 2941 evanescere

271 2973 501 3063 intelligimus
525 2974 623 3056 illud,
651 2974 743 3063 quod
777 2975 928 3041 maxime
963 2975 1004 3042 ab
1033 2976 1185 3044 Antonio
1212 2977 1386 3068 objectum

271 3088 344 3148 erat
358 3080 420 3171 (3),
441 3082 571 3147 nonita
584 3081 737 3149 multum
757 3082 860 3171 spatii
880 3080 1018 3148 dicendi
1050 3082 1216 3149 studiosis
1232 3082 1387 3168 concedi,

271 3194 307 3255 ut
332 3187 621 3278 philosophorum
648 3187 777 3255 scholis
797 3186 831 3254 id
855 3188 1022 3277 temporis
1043 3189 1256 3279 impertiant,
1293 3189 1386 3278 quod

272 3293 423 3383 propriis
452 3296 598 3362 oratoris
618 3294 911 3361 enercitationidur
931 3295 1047 3385 potius
1071 3296 1297 3363 tribuendum
1318 3297 1389 3365 sit:

272 3401 333 3491 qui
353 3401 447 3468 enim
464 3402 702 3491 Peripateticis
722 3406 781 3469 aut
800 3401 1017 3469 Academicis
1037 3425 1073 3470 se
1096 3402 1291 3486 tradiderit,
1309 3426 1390 3470 eum

272 3530 333 3597 per
349 3508 627 3575 coercitationem
646 3508 776 3576 oratori
799 3509 1021 3576 utilissimam
1038 3510 1131 3598 ipsos
1146 3510 1245 3593 loona,
1269 3532 1391 3601 quosa

241 3644 242 3647 ¹
272 3636 308 3682 se
322 3614 487 3704 petendos
501 3638 581 3685 esse.
595 3638 717 3683 omnes
729 3615 929 3706 philosophi
942 3616 1164 3702 contendant,
1181 3626 1331 3686 tractare
1343 3618 1392 3685 ita

272 3721 463 3789 discentem
472 3723 644 3804 videmus
674 3728 712 3790 ut
729 3746 770 3791 ne
786 3723 877 3813 apud
891 3722 1122 3813 philosophos
1149 3725 1290 3815 quidem
1310 3747 1391 3814 pro-

272 3828 348 3917 pria
372 3828 468 3895 illius
485 3831 664 3919 «operarii
683 3858 712 3913 n,
730 3830 891 3921 adquam
906 3831 1081 3898 Antonius
1108 3840 1281 3901 oratorem
1300 3831 1389 3899 redi-

271 3938 384 4029 gebat,
407 3942 581 4009 institutio
619 3946 910 4033 interrumpatur.
940 3984 969 3992 -
1004 3942 1156 4007 llnrsum
1184 3948 1301 4007 autem
1330 3962 1391 4029 per

273 4045 386 4115 Crassi
406 4034 600 4116 orationem
621 4050 676 4119 vel
696 4050 848 4116 maxime
866 4048 1091 4137 percipimus
1110 4068 1173 4113 cur
1200 4046 1280 4112 talis
1295 4045 1390 4112 utili-

270 4157 322 4221 tas
342 4153 385 4221 ah
405 4154 471 4222 hoc
503 4155 685 4223 doctorum
711 4178 837 4245 genere
854 4154 1022 4244 praestari
1050 4176 1119 4220 non
1137 4175 1238 4242 posse
1257 4152 1389 4219 existi-

270 4266 396 4347 metur,
416 4263 476 4353 qui
492 4285 591 4330 suam
614 4286 631 4329 c
647 4262 783 4331 dicendi
798 4269 910 4330 artem
924 4285 955 4343 a,
973 4260 1118 4327 minutis
1135 4258 1276 4349 quidem
1294 4281 1392 4347 prae·

248 4480 249 4483 ’
302 4474 335 4535 (t)
346 4473 384 4521 De
398 4472 454 4535 On,
468 4473 514 4535 ΙΙΙ,
530 4474 587 4534 tlo;
603 4472 709 4523 tuscul.
726 4473 759 4533 ll,
776 4470 850 4540 ttGl.
869 4482 959 4533 supra,
976 4482 1002 4533 p.
1019 4467 1068 4529 24).

302 4545 335 4607 (2)
352 4544 427 4593 Sicut
440 4544 538 4595 dicitur
550 4559 566 4594 a
578 4546 685 4603 Crasse,
699 4545 737 4593 De
755 4543 798 4593 Or.
815 4542 902 4602 111,80
919 4539 968 4603 (Cf.
986 4540 1072 4597 Tusa,
1088 4536 1122 4596 ll,
1140 4537 1174 4599 9).

271 4614 501 4751 qdihift’nDi-g‘
519 4617 538 4675 l,
555 4618 678 4678 tte-idm
695 4614 727 4665 de
741 4614 838 4679 quihus
852 4628 877 4662 v.
892 4624 981 4677 supra,
997 4626 1024 4676 p.
1038 4610 1076 4668 15,
1092 4609 1184 4667 n.1c;
1203 4608 1241 4666 ts,
1257 4606 1312 4655 n..l
1327 4620 1334 4663 ;
1349 4604 1390 4653 at-
