3742 5167
893 586 1065 653 ..9ο-

427 754 555 822 tradita
599 760 681 821 suut
719 754 779 845 (1),
822 754 913 821 nihil
955 754 1021 821 nisi
1068 755 1204 823 cautius
1234 756 1411 825 affirmare
1450 756 1542 840 licet,

428 868 542 929 tamen
577 884 619 928 ex
655 862 741 950 ipsis
772 860 944 928 Tullianis
980 861 1198 928 orationihus
1231 870 1439 953 argumenta
1465 863 1545 931 duci

428 974 584 1057 possunt,
601 968 645 1033 M.
663 968 816 1035 Tullium
833 966 906 1057 ejus
920 969 1058 1057 generis
1072 968 1276 1036 eruditionis
1297 970 1446 1058 publicis
1466 994 1544 1038 ora·

426 1074 582 1143 tionibus
596 1074 799 1142 inserendae
814 1076 968 1163 primum
987 1081 1164 1142 auctorem
1182 1076 1300 1158 fnisse,
1329 1078 1459 1167 qnippe
1484 1078 1544 1166 qui

428 1205 494 1249 non
530 1182 598 1247 uisi
623 1204 700 1248 sero
730 1204 842 1271 neque
879 1182 948 1248 uisi
979 1182 1132 1270 aliquam
1162 1184 1420 1251 excusationem
1461 1186 1544 1251 affe-

428 1288 534 1357 rendo
551 1288 595 1378 (2)
618 1288 652 1355 id
676 1290 788 1356 facere
801 1290 957 1377 coepisse
977 1289 1050 1377 ipse
1060 1288 1234 1356 videatur.
1253 1290 1341 1357 Nam
1357 1292 1391 1356 in
1404 1291 1465 1357 illa
1483 1314 1545 1380 pro

429 1395 507 1461 Sex.
523 1396 645 1463 Roscio
657 1396 823 1463 Amerino
836 1396 1051 1474 0111110119,-
1063 1417 1152 1483 quae
1163 1396 1305 1483 quidem
1316 1406 1545 1487 proptersen-

427 1501 615 1568 tentiarum
629 1501 816 1568 moralium
832 1502 968 1590 copiam
983 1502 1135 1569 maxime
1156 1504 1286 1570 eminet
1306 1504 1395 1572 inter
1407 1528 1541 1584 causae,
1613 1585 1615 1588 Ι

427 1630 514 1697 quas
533 1612 611 1674 ante
637 1607 857 1675 consulatum
876 1607 977 1691 dixit,
998 1648 1040 1655 —
1060 1607 1103 1674 de
1117 1608 1232 1675 Furiis
1255 1612 1412 1678 animum
1439 1612 1544 1679 scele-

430 1737 508 1781 rum
539 1728 684 1781 suorum
713 1714 892 1783 conscium
928 1713 1135 1781 vexantibus
1156 1715 1216 1805 (3),
1249 1717 1291 1784 de
1324 1718 1543 1787 Providentia

426 1823 528 1888 etiam
541 1820 585 1910 (1)
596 1843 719 1910 graves
730 1820 872 1909 quidem
883 1820 1072 1887 sententias
1088 1819 1129 1887 ad
1141 1822 1426 1911 amplificandum
1452 1826 1544 1893 inse·-

427 1926 535 2009 rebat,
572 1926 631 1993 sed
646 1932 763 1993 tamen
779 1924 852 2014 ejus
868 1925 1020 2014 generis
1039 1947 1127 2013 quae
1147 1948 1229 1994 sane
1250 1927 1430 1997 hominem
1453 1961 1467 1992 «
1489 1931 1542 1998 lit·
1612 1955 1615 1960 ·

425 2040 576 2101 teratum
606 2066 618 2093 υ
656 2034 783 2123 [qualis
811 2030 1126 2120 scilicetjudicibns
1142 2033 1324 2102 clarissimi
1347 2037 1480 2104 ordinis
1497 2039 1543 2128 (5)

425 2141 538 2207 videri
572 2139 705 2207 volebat
721 2142 762 2223 is,
782 2140 841 2228 qui
862 2139 1048 2227 primuml
1071 2162 1211 2205 causam
1233 2141 1407 2230 publicam
1428 2169 1443 2209 1
1461 2152 1543 2212 tunc

425 2246 584 2322 dicebat,
608 2270 676 2313 non
700 2246 978 2336 qnaehominem
1005 2245 1231 2335 singulariter
1265 2249 1299 2314 in
1325 2248 1545 2340 philosophia

426 2360 603 2421 versatum
623 2352 814 2420 indicarent
835 2358 962 2440 ;atque
979 2350 1155 2442 deinceps,
1173 2377 1253 2421 cum
1273 2355 1409 2423 dicendi
1434 2358 1545 2423 curri·

425 2463 544 2529 culum
565 2462 782 2552 aliquamdiu
793 2464 1030 2551 interruptum
1043 2462 1089 2551 (b)
1105 2462 1313 2552 repetiisset,
1329 2462 1419 2530 hanc
1434 2492 1449 2525 α
1468 2463 1544 2553 phi-

425 2560 642 2658 losophantis
665 2598 679 2630 »
703 2570 854 2658 speciem
874 2569 947 2635 fere
973 2570 1137 2637 vitavisse
1157 2568 1306 2647 videtur,
1327 2570 1544 2638 --videlicet

424 2698 468 2742 ne
485 2677 636 2764 suscepti
648 2708 660 2736 a
681 2674 865 2743 Graeculi»
883 2675 931 2764 (7)
946 2674 1038 2742 fama
1054 2676 1160 2742 initae
1165 2675 1239 2763 jam
1249 2673 1422 2741 honorum
1436 2674 1542 2742 ambi·

427 2784 511 2849 tioni
541 2782 688 2850 obesset.
708 2782 773 2849 Sed
805 2804 844 2849 eo
868 2780 1010 2848 demum
1050 2804 1152 2864 anno,
1174 2803 1242 2870 quo
1264 2788 1402 2869 peracto
1436 2781 1543 2849 hono-

424 2912 503 2956 rum
519 2912 624 2955 cursu
640 2888 794 2979 aliquam
809 2889 844 2954 iu
862 2886 1008 2955 dicendo
1032 2889 1223 2955 novitatem
1243 2888 1449 2955 auctoritate
1464 2911 1543 2956 con-

426 2995 533 3063 sulari
550 2995 795 3063 commendare
812 3002 1046 3085 poterat‚tum
1063 2996 1217 3084 primum
1232 3017 1312 3061 eum
1325 2994 1485 3063 videmus
1503 3036 1543 3044 -

425 3126 536 3192 neque
565 3125 647 3170 sane
667 3103 703 3168 in
723 3104 772 3168 eis
801 3101 1031 3182 orationihus
1054 3126 1141 3191 quas
1171 3104 1206 3169 in
1237 3103 1401 3169 concione
1427 3103 1543 3169 autin

423 3217 546 3277 senatu
561 3209 697 3277 habitas
718 3210 791 3299 ipse
808 3236 820 3269 «
840 3209 1041 3275 consulares
1060 3240 1071 3264 n
1089 3209 1279 3298 appellavit
1294 3210 1356 3292 (8),
1370 3249 1413 3257 -
1430 3208 1488 3275 sed
1506 3210 1540 3274 in

424 3315 587 3382 Murenae
617 3315 818 3381 defensione
843 3336 882 3380 ea
910 3314 1024 3379 studia
1044 3312 1191 3380 liberius
1211 3316 1244 3380 in
1263 3313 1441 3403 publicum
1464 3338 1543 3404 pro-

455 3594 487 3656 (1)
510 3595 538 3641 V.
568 3612 579 3637 a
597 3594 735 3643 Oratorem
762 3607 933 3641 romanoram
958 3595 1114 3657 fruqmento
1130 3614 1142 3639 »
1165 3594 1238 3645 edita
1263 3596 1297 3645 ab
1312 3596 1428 3646 Henrico
1453 3597 1544 3660 Meyer
1571 3593 1574 3596 ’

424 3664 554 3727 (Parisiis,
569 3666 637 3726 1831)

454 3736 488 3796 (2)
502 3736 539 3785 Cl.
555 3737 585 3784 P.
605 3735 726 3793 Murena,
741 3737 768 3784 61
785 3736 885 3799 ;atqne
900 3737 929 3784 P.
946 3735 1056 3795 Archia,
1070 3739 1102 3798 33
1118 3738 1146 3785 in
1159 3739 1290 3799 Pisonem,
1307 3741 1345 3788 68.
1404 3799 1406 3802 Ι

455 3807 488 3868 (3)
505 3808 534 3855 P.
552 3806 611 3855 Sex.
628 3806 727 3866 Roscio,
742 3808 826 3856 66-68.

454 3878 486 3939 (1)
501 3877 578 3935 lbid.‚
593 3879 646 3937 131,
664 3877 711 3926 ubi
734 3878 804 3927 inter
822 3878 918 3927 lovem
934 3879 1028 3928 omnia
1043 3882 1181 3943 regentem
1198 3882 1224 3929 et
1240 3879 1344 3929 Sullam
1356 3894 1398 3930 res
1416 3892 1542 3929 romanas

423 3948 621 4011 gubernantem
628 3949 793 4011 comparatio
804 3949 964 3998 instituitur.

455 4020 487 4082 (5)
499 4023 567 4069 Nam
577 4018 681 4081 judicia
691 4022 756 4068 tunc
769 4022 881 4069 omnino
898 4040 908 4062 «
928 4021 1065 4070 senatoria
1082 4041 1093 4065 a
1110 4025 1194 4071 erant.

455 4092 487 4152 (6)
501 4092 571 4139 Dum
583 4091 673 4139 Cicero
695 4090 723 4139 in
739 4092 878 4141 Graeciam
895 4091 960 4140 etin
975 4092 1068 4141 Asiam
1087 4092 1223 4155 protectus
1236 4096 1293 4142 erat

455 4164 487 4223 (1)
502 4162 557 4209 Hoc
568 4162 730 4223 cognomine
744 4177 806 4211 eum
834 4178 848 4212 e
869 4162 981 4212 Graecia
1004 4163 1130 4213 reducem
1146 4165 1248 4214 Romae
1273 4164 1351 4228 vulgo
1376 4166 1541 4229 appellatum

424 4246 483 4281 esse
499 4230 657 4279 Plutarchus
672 4230 753 4279 tradit
765 4232 837 4293 (11111
851 4233 945 4291 Cicer„
965 4247 1023 4296 cap.
1038 4237 1070 4288 6ς.
1089 4262 1119 4268 -
1133 4235 1170 4283 Cf.
1188 4249 1256 4297 qnae
1277 4236 1309 4284 de
1325 4234 1421 4285 Crasso
1437 4239 1463 4286 et
1491 4239 1532 4286 An

422 4303 498 4351 tonio
512 4301 649 4350 doctrinae
661 4316 725 4350 suae
738 4302 989 4353 dissimulatoribus
1005 4305 1096 4354 Cicero
1110 4305 1198 4363 refert,
1215 4307 1253 4354 De
1270 4307 1323 4365 On,
1340 4308 1373 4365 ll,
1384 4309 1407 4353 t.

455 4374 487 4436 (8)
500 4374 548 4437 Ερ.
558 4372 595 4421 ad
609 4373 700 4430 Attia,
719 4374 751 4432 ll,
766 4375 787 4421 1.
804 4402 831 4410 -
847 4377 915 4423 Nam
926 4376 1031 4438 aliquot
1044 4376 1138 4425 diebus
1152 4378 1216 4440 post
1231 4379 1382 4428 orationem
1390 4379 1419 4426 l’.
1429 4380 1541 4427 litu-reno

423 4444 546 4493 habitam
559 4457 621 4493 cum
631 4444 659 4491 in
674 4448 770 4494 senatu
781 4445 812 4495 de
826 4447 1023 4508 conjurationis
1034 4449 1163 4497 Catilinae
1175 4448 1255 4497 sociis
1278 4452 1411 4512 ageretur,
1421 4449 1542 4499 oblatum

424 4518 562 4565 aCaesare
574 4518 697 4577 praetore
722 4517 830 4565 scholae
854 4517 886 4567 de
903 4527 986 4565 morte
1006 4518 1220 4581 interponendae
1236 4522 1409 4569 occasionem
1439 4522 1468 4569 iu
1482 4535 1540 4569 ora·

423 4588 557 4636 tionesua
578 4585 632 4635 tere
659 4588 889 4649 praetermittebat
914 4589 951 4651 (in
985 4588 1314 4651 οα111.,1)1,οᾶρ.1,;-
1335 4592 1426 4654 ipsum
1450 4594 1541 4639 autem

424 4661 624 4721 argumentum,
641 4672 693 4719 quo
709 4658 805 4706 Caesar
817 4659 863 4716 ita,
880 4663 910 4708 ut
925 4662 1021 4707 notum
1037 4662 1086 4716 est,
1108 4660 1241 4718 utebatur,
1256 4661 1346 4710 Cicero
1371 4663 1400 4710 in
1426 4662 1541 4711 Cluentii

335 4739 337 4742 ·
424 4728 580 4779 defensione
596 4730 643 4790 (11)
658 4728 753 4778 eadem
769 4729 822 4779 lere
839 4732 944 4779 ratione
956 4730 1124 4779 adhibuerat.
