<?xml version="1.0" encoding="UTF-8"?>
<!DOCTYPE html PUBLIC "-//W3C//DTD XHTML 1.0 Transitional//EN"
    "http://www.w3.org/TR/xhtml1/DTD/xhtml1-transitional.dtd">
<html xmlns="http://www.w3.org/1999/xhtml" xml:lang="en" lang="en">
 <head>
  <title>
</title>
<meta http-equiv="Content-Type" content="text/html;charset=utf-8" />
  <meta name='ocr-system' content='tesseract 3.04.00' />
  <meta name='ocr-capabilities' content='ocr_page ocr_carea ocr_par ocr_line ocrx_word'/>
</head>
<body>
  <div class='ocr_page' id='page_1' title='image "./quantumphilosop01liebgoog_0091.png"; bbox 0 0 3742 5167; ppageno 0'>
   <div class='ocr_carea' id='block_1_1' title="bbox 788 494 963 559">
    <p class='ocr_par' dir='ltr' id='par_1_1' title="bbox 788 494 963 559">
     <span class='ocr_line' id='line_1_1' title="bbox 788 494 963 559; baseline 0.011 -16"><span class='ocrx_word' id='word_1_1' title='bbox 788 494 963 559; x_wconf 70' lang='lat'><strong>...75-</strong></span> 
     </span>
    </p>
   </div>
   <div class='ocr_carea' id='block_1_2' title="bbox 315 658 1467 3187">
    <p class='ocr_par' dir='ltr' id='par_1_2' title="bbox 321 658 1438 1798">
     <span class='ocr_line' id='line_1_2' title="bbox 324 658 1433 751; baseline -0.004 -22"><span class='ocrx_word' id='word_1_2' title='bbox 324 663 361 729; x_wconf 89' lang='lat' dir='ltr'><strong>in</strong></span> <span class='ocrx_word' id='word_1_3' title='bbox 386 662 543 729; x_wconf 86' lang='lat' dir='ltr'><strong>universi</strong></span> <span class='ocrx_word' id='word_1_4' title='bbox 563 661 704 751; x_wconf 91' lang='lat' dir='ltr'><strong>generis</strong></span> <span class='ocrx_word' id='word_1_5' title='bbox 731 660 969 751; x_wconf 87' lang='lat' dir='ltr'><strong>disputatione</strong></span> <span class='ocrx_word' id='word_1_6' title='bbox 994 664 1207 739; x_wconf 83' lang='lat' dir='ltr'><strong>versaretur,</strong></span> <span class='ocrx_word' id='word_1_7' title='bbox 1237 658 1433 747; x_wconf 81' lang='lat' dir='ltr'><strong>cujusmodi</strong></span> 
     </span>
     <span class='ocr_line' id='line_1_3' title="bbox 322 766 1438 858; baseline -0.003 -24"><span class='ocrx_word' id='word_1_8' title='bbox 322 768 510 836; x_wconf 90' lang='lat' dir='ltr'><strong>formulam</strong></span> <span class='ocrx_word' id='word_1_9' title='bbox 526 769 642 858; x_wconf 89' lang='lat' dir='ltr'><strong>ipsum</strong></span> <span class='ocrx_word' id='word_1_10' title='bbox 658 770 694 835; x_wconf 93' lang='lat' dir='ltr'><strong>in</strong></span> <span class='ocrx_word' id='word_1_11' title='bbox 712 767 842 857; x_wconf 78' lang='lat' dir='ltr'><em>Topicis</em></span> <span class='ocrx_word' id='word_1_12' title='bbox 853 767 945 835; x_wconf 91' lang='lat' dir='ltr'><strong>inter</strong></span> <span class='ocrx_word' id='word_1_13' title='bbox 957 767 1026 835; x_wconf 90' lang='lat' dir='ltr'><strong>alia</strong></span> <span class='ocrx_word' id='word_1_14' title='bbox 1042 794 1058 829; x_wconf 92' lang='lat'>«</span> <span class='ocrx_word' id='word_1_15' title='bbox 1079 766 1297 833; x_wconf 84' lang='lat' dir='ltr'><strong>infinitarum</strong></span> <span class='ocrx_word' id='word_1_16' title='bbox 1311 787 1438 854; x_wconf 89' lang='lat' dir='ltr'><strong>quaes-</strong></span> 
     </span>
     <span class='ocr_line' id='line_1_4' title="bbox 322 874 1438 965; baseline -0.003 -23"><span class='ocrx_word' id='word_1_17' title='bbox 322 878 459 942; x_wconf 90' lang='lat' dir='ltr'><strong>tionum</strong></span> <span class='ocrx_word' id='word_1_18' title='bbox 476 874 550 965; x_wconf 77' lang='grc'>(1)»</span> <span class='ocrx_word' id='word_1_19' title='bbox 572 876 791 965; x_wconf 88' lang='lat' dir='ltr'><strong>exemplasic</strong></span> <span class='ocrx_word' id='word_1_20' title='bbox 806 874 1039 964; x_wconf 85' lang='lat' dir='ltr'><strong>proterentem</strong></span> <span class='ocrx_word' id='word_1_21' title='bbox 1051 874 1252 941; x_wconf 87' lang='lat' dir='ltr'><strong>invenimus</strong></span> <span class='ocrx_word' id='word_1_22' title='bbox 1270 894 1277 940; x_wconf 91' lang='lat'>:</span> <span class='ocrx_word' id='word_1_23' title='bbox 1299 902 1354 941; x_wconf 70' lang='lat' dir='ltr'><strong>r...</strong></span> <span class='ocrx_word' id='word_1_24' title='bbox 1372 874 1438 940; x_wconf 84' lang='lat' dir='ltr'><strong>elo·</strong></span> 
     </span>
     <span class='ocr_line' id='line_1_5' title="bbox 323 979 1434 1071; baseline 0.001 -25"><span class='ocrx_word' id='word_1_25' title='bbox 323 980 501 1069; x_wconf 71' lang='lat' dir='ltr'><strong>praelatione</strong></span> <span class='ocrx_word' id='word_1_26' title='bbox 516 979 626 1069; x_wconf 83' lang='lat' dir='ltr'><strong>pluris</strong></span> <span class='ocrx_word' id='word_1_27' title='bbox 639 980 684 1049; x_wconf 86' lang='lat' dir='ltr'><strong>sit</strong></span> <span class='ocrx_word' id='word_1_28' title='bbox 707 1004 752 1047; x_wconf 79' lang='lat' dir='ltr'><strong>arc</strong></span> <span class='ocrx_word' id='word_1_29' title='bbox 774 980 862 1066; x_wconf 77' lang='lat' dir='ltr'><strong>jacis</strong></span> <span class='ocrx_word' id='word_1_30' title='bbox 876 980 1134 1048; x_wconf 80' lang='lat' dir='ltr'><strong>civilisscientz&#39;a</strong></span> <span class='ocrx_word' id='word_1_31' title='bbox 1154 980 1202 1071; x_wconf 79' lang='grc'><strong>(2)</strong></span> <span class='ocrx_word' id='word_1_32' title='bbox 1226 1008 1254 1047; x_wconf 80' lang='lat' dir='ltr'><strong>r.</strong></span> <span class='ocrx_word' id='word_1_33' title='bbox 1274 980 1331 1047; x_wconf 85' lang='lat' dir='ltr'><strong>Sic</strong></span> <span class='ocrx_word' id='word_1_34' title='bbox 1341 982 1434 1048; x_wconf 89' lang='lat' dir='ltr'><strong>enim</strong></span> 
     </span>
     <span class='ocr_line' id='line_1_6' title="bbox 322 1086 1435 1181; baseline 0.004 -28"><span class='ocrx_word' id='word_1_35' title='bbox 322 1086 550 1177; x_wconf 78' lang='lat' dir='ltr'>intelligebat,</span> <span class='ocrx_word' id='word_1_36' title='bbox 570 1110 693 1155; x_wconf 91' lang='lat' dir='ltr'><strong>omnes</strong></span> <span class='ocrx_word' id='word_1_37' title='bbox 713 1110 835 1155; x_wconf 81' lang='lat' dir='ltr'><strong>causas</strong></span> <span class='ocrx_word' id='word_1_38' title='bbox 861 1089 965 1153; x_wconf 88' lang='lat' dir='ltr'><strong>certis</strong></span> <span class='ocrx_word' id='word_1_39' title='bbox 985 1089 1144 1175; x_wconf 88' lang='lat' dir='ltr'><strong>personis</strong></span> <span class='ocrx_word' id='word_1_40' title='bbox 1159 1112 1198 1155; x_wconf 88' lang='lat' dir='ltr'><strong>ac</strong></span> <span class='ocrx_word' id='word_1_41' title='bbox 1218 1089 1435 1181; x_wconf 77' lang='lat' dir='ltr'><strong>temporibus</strong></span> 
     </span>
     <span class='ocr_line' id='line_1_7' title="bbox 322 1194 1435 1284; baseline 0.004 -24"><span class='ocrx_word' id='word_1_42' title='bbox 322 1195 482 1262; x_wconf 88' lang='lat' dir='ltr'><strong>delinitas</strong></span> <span class='ocrx_word' id='word_1_43' title='bbox 502 1194 544 1261; x_wconf 91' lang='lat' dir='ltr'><strong>ad</strong></span> <span class='ocrx_word' id='word_1_44' title='bbox 575 1196 638 1262; x_wconf 86' lang='lat' dir='ltr'><strong>boc</strong></span> <span class='ocrx_word' id='word_1_45' title='bbox 664 1217 775 1283; x_wconf 91' lang='lat' dir='ltr'><strong>genus</strong></span> <span class='ocrx_word' id='word_1_46' title='bbox 806 1218 822 1259; x_wconf 81' lang='lat' dir='ltr'><strong>a</strong></span> <span class='ocrx_word' id='word_1_47' title='bbox 853 1195 1070 1263; x_wconf 86' lang='lat' dir='ltr'><strong>infinitarum</strong></span> <span class='ocrx_word' id='word_1_48' title='bbox 1089 1198 1335 1284; x_wconf 71' lang='lat' dir='ltr'><strong>quaestionum</strong></span> <span class='ocrx_word' id='word_1_49' title='bbox 1365 1204 1435 1265; x_wconf 72' lang='lat' dir='ltr'><strong>iet</strong></span> 
     </span>
     <span class='ocr_line' id='line_1_8' title="bbox 322 1302 1435 1393; baseline 0.003 -26"><span class='ocrx_word' id='word_1_50' title='bbox 322 1303 470 1369; x_wconf 90' lang='lat' dir='ltr'><strong>latenter</strong></span> <span class='ocrx_word' id='word_1_51' title='bbox 489 1304 664 1391; x_wconf 90' lang='lat' dir='ltr'><strong>pertinere</strong></span> <span class='ocrx_word' id='word_1_52' title='bbox 685 1309 717 1369; x_wconf 89' lang='lat' dir='ltr'><strong>et</strong></span> <span class='ocrx_word' id='word_1_53' title='bbox 740 1303 897 1369; x_wconf 88' lang='lat' dir='ltr'><strong>oratione</strong></span> <span class='ocrx_word' id='word_1_54' title='bbox 926 1303 1059 1369; x_wconf 88' lang='lat' dir='ltr'><strong>revolvi</strong></span> <span class='ocrx_word' id='word_1_55' title='bbox 1078 1325 1179 1392; x_wconf 90' lang='lat' dir='ltr'><strong>posse</strong></span> <span class='ocrx_word' id='word_1_56' title='bbox 1194 1302 1255 1392; x_wconf 84' lang='lat'>(3),</span> <span class='ocrx_word' id='word_1_57' title='bbox 1275 1342 1314 1351; x_wconf 90' lang='lat'><em>-</em></span> <span class='ocrx_word' id='word_1_58' title='bbox 1336 1303 1435 1393; x_wconf 87' lang='lat' dir='ltr'><strong>cujus</strong></span> 
     </span>
     <span class='ocr_line' id='line_1_9' title="bbox 321 1408 1433 1499; baseline 0 -23"><span class='ocrx_word' id='word_1_59' title='bbox 321 1410 493 1499; x_wconf 87' lang='lat' dir='ltr'><strong>generis«</strong></span> <span class='ocrx_word' id='word_1_60' title='bbox 515 1410 737 1498; x_wconf 81' lang='lat' dir='ltr'><strong>quaestiones</strong></span> <span class='ocrx_word' id='word_1_61' title='bbox 755 1437 770 1471; x_wconf 77' lang='lat' dir='ltr'><strong>n</strong></span> <span class='ocrx_word' id='word_1_62' title='bbox 789 1410 870 1497; x_wconf 92' lang='lat' dir='ltr'><strong>quia</strong></span> <span class='ocrx_word' id='word_1_63' title='bbox 897 1410 1054 1476; x_wconf 78' lang='lat' dir='ltr'><strong>rhetores</strong></span> <span class='ocrx_word' id='word_1_64' title='bbox 1072 1411 1190 1499; x_wconf 88' lang='lat' dir='ltr'><strong>inepte</strong></span> <span class='ocrx_word' id='word_1_65' title='bbox 1205 1408 1433 1495; x_wconf 78' lang='lat' dir='ltr'><strong>dimisissent,</strong></span> 
     </span>
     <span class='ocr_line' id='line_1_10' title="bbox 321 1515 1437 1607; baseline 0.004 -26"><span class='ocrx_word' id='word_1_66' title='bbox 321 1516 448 1585; x_wconf 91' lang='lat' dir='ltr'><strong>idcirco</strong></span> <span class='ocrx_word' id='word_1_67' title='bbox 476 1516 518 1583; x_wconf 91' lang='lat' dir='ltr'><strong>ab</strong></span> <span class='ocrx_word' id='word_1_68' title='bbox 538 1515 754 1583; x_wconf 79' lang='lat' dir='ltr'><strong>Academicis</strong></span> <span class='ocrx_word' id='word_1_69' title='bbox 771 1517 1082 1607; x_wconf 87' lang='lat' dir='ltr'><strong>Peripateticisque</strong></span> <span class='ocrx_word' id='word_1_70' title='bbox 1102 1538 1223 1583; x_wconf 91' lang='lat' dir='ltr'><strong>earum</strong></span> <span class='ocrx_word' id='word_1_71' title='bbox 1243 1517 1437 1585; x_wconf 88' lang='lat' dir='ltr'><strong>tractanda·</strong></span> 
     </span>
     <span class='ocr_line' id='line_1_11' title="bbox 321 1624 1436 1715; baseline 0.001 -25"><span class='ocrx_word' id='word_1_72' title='bbox 321 1646 400 1690; x_wconf 91' lang='lat' dir='ltr'><strong>rum</strong></span> <span class='ocrx_word' id='word_1_73' title='bbox 425 1624 708 1691; x_wconf 83' lang='lat' dir='ltr'><strong>exercitationem</strong></span> <span class='ocrx_word' id='word_1_74' title='bbox 731 1624 860 1689; x_wconf 90' lang='lat' dir='ltr'><strong>oratori</strong></span> <span class='ocrx_word' id='word_1_75' title='bbox 885 1624 1110 1713; x_wconf 90' lang='lat' dir='ltr'><strong>repetendam</strong></span> <span class='ocrx_word' id='word_1_76' title='bbox 1144 1646 1218 1692; x_wconf 93' lang='lat' dir='ltr'><strong>esse</strong></span> <span class='ocrx_word' id='word_1_77' title='bbox 1246 1625 1293 1715; x_wconf 77' lang='lat' dir='ltr'><strong>(l)</strong></span> <span class='ocrx_word' id='word_1_78' title='bbox 1318 1625 1436 1692; x_wconf 85' lang='lat' dir='ltr'><strong>existi·</strong></span> 
     </span>
     <span class='ocr_line' id='line_1_12' title="bbox 321 1730 1325 1798; baseline 0.002 -1"><span class='ocrx_word' id='word_1_79' title='bbox 321 1730 449 1798; x_wconf 87' lang='lat' dir='ltr'><strong>mabat.</strong></span> <span class='ocrx_word' id='word_1_80' title='bbox 1292 1758 1295 1761; x_wconf 47' lang='lat'><strong>⁴</strong></span> <span class='ocrx_word' id='word_1_81' title='bbox 1322 1734 1325 1739; x_wconf 78' lang='grc'><strong>’</strong></span> 
     </span>
    </p>

    <p class='ocr_par' dir='ltr' id='par_1_3' title="bbox 315 1836 1467 3187">
     <span class='ocr_line' id='line_1_13' title="bbox 366 1836 1435 1927; baseline 0.003 -24"><span class='ocrx_word' id='word_1_82' title='bbox 366 1839 480 1927; x_wconf 87' lang='lat' dir='ltr'><strong>Atque</strong></span> <span class='ocrx_word' id='word_1_83' title='bbox 500 1837 590 1903; x_wconf 89' lang='lat' dir='ltr'><strong>ille«</strong></span> <span class='ocrx_word' id='word_1_84' title='bbox 611 1836 707 1905; x_wconf 91' lang='lat' dir='ltr'><strong>locus</strong></span> <span class='ocrx_word' id='word_1_85' title='bbox 729 1866 759 1920; x_wconf 76' lang='lat' dir='ltr'><strong>o,</strong></span> <span class='ocrx_word' id='word_1_86' title='bbox 778 1860 883 1927; x_wconf 91' lang='lat' dir='ltr'><strong>quem</strong></span> <span class='ocrx_word' id='word_1_87' title='bbox 907 1840 943 1904; x_wconf 91' lang='lat' dir='ltr'><strong>in</strong></span> <span class='ocrx_word' id='word_1_88' title='bbox 964 1838 1122 1905; x_wconf 90' lang='lat' dir='ltr'><strong>oratione</strong></span> <span class='ocrx_word' id='word_1_89' title='bbox 1136 1841 1204 1905; x_wconf 84' lang='lat' dir='ltr'><strong>Pro</strong></span> <span class='ocrx_word' id='word_1_90' title='bbox 1218 1841 1361 1906; x_wconf 79' lang='lat' dir='ltr'><strong>Murena</strong></span> <span class='ocrx_word' id='word_1_91' title='bbox 1374 1839 1435 1907; x_wconf 91' lang='lat' dir='ltr'><strong>ba-</strong></span> 
     </span>
     <span class='ocr_line' id='line_1_14' title="bbox 321 1943 1467 2035; baseline 0.003 -24"><span class='ocrx_word' id='word_1_92' title='bbox 321 1943 393 2011; x_wconf 91' lang='lat' dir='ltr'><strong>bita</strong></span> <span class='ocrx_word' id='word_1_93' title='bbox 409 1945 623 2027; x_wconf 82' lang='lat' dir='ltr'><strong>notavimus,</strong></span> <span class='ocrx_word' id='word_1_94' title='bbox 651 1944 788 2033; x_wconf 84' lang='lat' dir='ltr'><strong>longior</strong></span> <span class='ocrx_word' id='word_1_95' title='bbox 812 1952 876 2027; x_wconf 87' lang='lat' dir='ltr'><strong>est,</strong></span> <span class='ocrx_word' id='word_1_96' title='bbox 894 1967 1001 2035; x_wconf 94' lang='lat' dir='ltr'><strong>quam</strong></span> <span class='ocrx_word' id='word_1_97' title='bbox 1017 1952 1056 2012; x_wconf 89' lang='lat' dir='ltr'><strong>ut</strong></span> <span class='ocrx_word' id='word_1_98' title='bbox 1075 1945 1143 2012; x_wconf 89' lang='lat' dir='ltr'><strong>buc</strong></span> <span class='ocrx_word' id='word_1_99' title='bbox 1167 1947 1352 2022; x_wconf 90' lang='lat' dir='ltr'><strong>afferatur;</strong></span> <span class='ocrx_word' id='word_1_100' title='bbox 1374 1946 1434 2014; x_wconf 90' lang='lat' dir='ltr'><strong>sed</strong></span> <span class='ocrx_word' id='word_1_101' title='bbox 1462 1960 1467 1971; x_wconf 87' lang='grc'><em>“</em></span> 
     </span>
     <span class='ocr_line' id='line_1_15' title="bbox 320 2051 1433 2141; baseline 0.001 -23"><span class='ocrx_word' id='word_1_102' title='bbox 320 2052 355 2118; x_wconf 89' lang='lat' dir='ltr'><strong>in</strong></span> <span class='ocrx_word' id='word_1_103' title='bbox 385 2052 465 2119; x_wconf 91' lang='lat' dir='ltr'><strong>aliis</strong></span> <span class='ocrx_word' id='word_1_104' title='bbox 492 2051 605 2117; x_wconf 92' lang='lat' dir='ltr'><strong>causis</strong></span> <span class='ocrx_word' id='word_1_105' title='bbox 622 2053 780 2141; x_wconf 90' lang='lat' dir='ltr'><strong>exempla</strong></span> <span class='ocrx_word' id='word_1_106' title='bbox 805 2075 875 2119; x_wconf 91' lang='lat' dir='ltr'><strong>non</strong></span> <span class='ocrx_word' id='word_1_107' title='bbox 894 2053 1020 2119; x_wconf 91' lang='lat' dir='ltr'><strong>desunt</strong></span> <span class='ocrx_word' id='word_1_108' title='bbox 1039 2052 1082 2119; x_wconf 89' lang='lat' dir='ltr'><strong>ad</strong></span> <span class='ocrx_word' id='word_1_109' title='bbox 1108 2053 1433 2137; x_wconf 82' lang='lat' dir='ltr'><strong>demonstrandum,</strong></span> 
     </span>
     <span class='ocr_line' id='line_1_16' title="bbox 320 2156 1436 2247; baseline 0.001 -23"><span class='ocrx_word' id='word_1_110' title='bbox 320 2181 425 2247; x_wconf 92' lang='lat' dir='ltr'><strong>quam</strong></span> <span class='ocrx_word' id='word_1_111' title='bbox 446 2159 596 2225; x_wconf 81' lang='lat' dir='ltr'><strong>libenter</strong></span> <span class='ocrx_word' id='word_1_112' title='bbox 619 2162 738 2223; x_wconf 90' lang='lat' dir='ltr'><strong>noster</strong></span> <span class='ocrx_word' id='word_1_113' title='bbox 759 2162 876 2224; x_wconf 92' lang='lat' dir='ltr'><strong>orator</strong></span> <span class='ocrx_word' id='word_1_114' title='bbox 895 2156 937 2223; x_wconf 92' lang='lat' dir='ltr'><strong>ad</strong></span> <span class='ocrx_word' id='word_1_115' title='bbox 958 2157 1054 2225; x_wconf 74' lang='lat' dir='ltr'><strong>boc«</strong></span> <span class='ocrx_word' id='word_1_116' title='bbox 1084 2158 1264 2225; x_wconf 89' lang='lat' dir='ltr'><strong>infinitum</strong></span> <span class='ocrx_word' id='word_1_117' title='bbox 1285 2182 1301 2223; x_wconf 74' lang='lat' dir='ltr'><strong>i</strong></span> <span class='ocrx_word' id='word_1_118' title='bbox 1319 2158 1436 2246; x_wconf 91' lang='lat' dir='ltr'><strong>dispu-</strong></span> 
     </span>
     <span class='ocr_line' id='line_1_17' title="bbox 318 2264 1431 2355; baseline -0.001 -22"><span class='ocrx_word' id='word_1_119' title='bbox 318 2266 416 2333; x_wconf 89' lang='lat' dir='ltr'><strong>tandi</strong></span> <span class='ocrx_word' id='word_1_120' title='bbox 432 2288 543 2355; x_wconf 86' lang='lat' dir='ltr'><strong>genus</strong></span> <span class='ocrx_word' id='word_1_121' title='bbox 570 2266 764 2333; x_wconf 89' lang='lat' dir='ltr'><strong>orationem</strong></span> <span class='ocrx_word' id='word_1_122' title='bbox 791 2264 1003 2332; x_wconf 88' lang='lat' dir='ltr'><strong>transferat:</strong></span> <span class='ocrx_word' id='word_1_123' title='bbox 1025 2265 1122 2332; x_wconf 91' lang='lat' dir='ltr'><strong>velut</strong></span> <span class='ocrx_word' id='word_1_124' title='bbox 1148 2266 1183 2331; x_wconf 92' lang='lat' dir='ltr'><strong>in</strong></span> <span class='ocrx_word' id='word_1_125' title='bbox 1205 2288 1245 2333; x_wconf 87' lang='lat' dir='ltr'><strong>ea</strong></span> <span class='ocrx_word' id='word_1_126' title='bbox 1263 2266 1431 2346; x_wconf 88' lang='lat' dir='ltr'><strong>oratione,</strong></span> 
     </span>
     <span class='ocr_line' id='line_1_18' title="bbox 321 2370 1432 2463; baseline -0.001 -24"><span class='ocrx_word' id='word_1_127' title='bbox 321 2370 426 2463; x_wconf 86' lang='lat' dir='ltr'><strong>quam</strong></span> <span class='ocrx_word' id='word_1_128' title='bbox 446 2402 458 2432; x_wconf 87' lang='lat'>«</span> <span class='ocrx_word' id='word_1_129' title='bbox 477 2380 554 2462; x_wconf 89' lang='lat' dir='ltr'><strong>post</strong></span> <span class='ocrx_word' id='word_1_130' title='bbox 570 2373 720 2441; x_wconf 91' lang='lat' dir='ltr'><strong>reditum</strong></span> <span class='ocrx_word' id='word_1_131' title='bbox 735 2371 778 2438; x_wconf 89' lang='lat' dir='ltr'><strong>ad</strong></span> <span class='ocrx_word' id='word_1_132' title='bbox 792 2372 947 2453; x_wconf 83' lang='lat' dir='ltr'><strong>Quirites</strong></span> <span class='ocrx_word' id='word_1_133' title='bbox 973 2401 988 2431; x_wconf 90' lang='lat'>»</span> <span class='ocrx_word' id='word_1_134' title='bbox 1011 2371 1144 2449; x_wconf 82' lang='lat' dir='ltr'><strong>habuit,</strong></span> <span class='ocrx_word' id='word_1_135' title='bbox 1161 2372 1246 2438; x_wconf 92' lang='lat' dir='ltr'><strong>dum</strong></span> <span class='ocrx_word' id='word_1_136' title='bbox 1264 2372 1432 2454; x_wconf 81' lang='lat' dir='ltr'><strong>affirmat,</strong></span> 
     </span>
     <span class='ocr_line' id='line_1_19' title="bbox 322 2478 1432 2569; baseline 0.002 -25"><span class='ocrx_word' id='word_1_137' title='bbox 322 2504 338 2544; x_wconf 79' lang='lat' dir='ltr'><strong>a</strong></span> <span class='ocrx_word' id='word_1_138' title='bbox 361 2478 426 2547; x_wconf 91' lang='lat' dir='ltr'><strong>sibi</strong></span> <span class='ocrx_word' id='word_1_139' title='bbox 453 2480 575 2569; x_wconf 85' lang='lat' dir='ltr'><strong>majori</strong></span> <span class='ocrx_word' id='word_1_140' title='bbox 591 2490 695 2546; x_wconf 90' lang='lat' dir='ltr'><strong>curae</strong></span> <span class='ocrx_word' id='word_1_141' title='bbox 721 2501 808 2558; x_wconf 90' lang='lat' dir='ltr'><strong>esse,</strong></span> <span class='ocrx_word' id='word_1_142' title='bbox 833 2478 1130 2568; x_wconf 90' lang='lat' dir='ltr'><strong>quemadmodum</strong></span> <span class='ocrx_word' id='word_1_143' title='bbox 1157 2480 1219 2564; x_wconf 83' lang='lat' dir='ltr'><strong>eis,</strong></span> <span class='ocrx_word' id='word_1_144' title='bbox 1241 2481 1301 2569; x_wconf 92' lang='lat' dir='ltr'><strong>qui</strong></span> <span class='ocrx_word' id='word_1_145' title='bbox 1327 2480 1368 2546; x_wconf 90' lang='lat' dir='ltr'><strong>do</strong></span> <span class='ocrx_word' id='word_1_146' title='bbox 1396 2502 1432 2546; x_wconf 91' lang='lat' dir='ltr'><strong>se</strong></span> 
     </span>
     <span class='ocr_line' id='line_1_20' title="bbox 319 2586 1434 2676; baseline 0.002 -25"><span class='ocrx_word' id='word_1_147' title='bbox 319 2587 388 2652; x_wconf 89' lang='lat' dir='ltr'><strong>sint</strong></span> <span class='ocrx_word' id='word_1_148' title='bbox 417 2588 547 2676; x_wconf 89' lang='lat' dir='ltr'><strong>optime</strong></span> <span class='ocrx_word' id='word_1_149' title='bbox 575 2586 703 2665; x_wconf 83' lang='lat' dir='ltr'><strong>meriti,</strong></span> <span class='ocrx_word' id='word_1_150' title='bbox 731 2587 881 2675; x_wconf 80' lang='lat' dir='ltr'><strong>gratiam</strong></span> <span class='ocrx_word' id='word_1_151' title='bbox 908 2586 1049 2671; x_wconf 81' lang='lat' dir='ltr'><strong>referat,</strong></span> <span class='ocrx_word' id='word_1_152' title='bbox 1075 2609 1182 2675; x_wconf 89' lang='lat' dir='ltr'><strong>quam</strong></span> <span class='ocrx_word' id='word_1_153' title='bbox 1208 2586 1434 2676; x_wconf 91' lang='lat' dir='ltr'><strong>quemadmo-</strong></span> 
     </span>
     <span class='ocr_line' id='line_1_21' title="bbox 318 2692 1430 2783; baseline -0.004 -25"><span class='ocrx_word' id='word_1_154' title='bbox 318 2692 402 2759; x_wconf 93' lang='lat' dir='ltr'><strong>dum</strong></span> <span class='ocrx_word' id='word_1_155' title='bbox 414 2693 639 2759; x_wconf 89' lang='lat' dir='ltr'><strong>inimicorum</strong></span> <span class='ocrx_word' id='word_1_156' title='bbox 653 2694 800 2782; x_wconf 86' lang='lat' dir='ltr'><strong>injurias</strong></span> <span class='ocrx_word' id='word_1_157' title='bbox 819 2693 1132 2781; x_wconf 84' lang='lat' dir='ltr'><strong>crudelitatemque</strong></span> <span class='ocrx_word' id='word_1_158' title='bbox 1150 2699 1380 2783; x_wconf 88' lang='lat' dir='ltr'><strong>persequatur</strong></span> <span class='ocrx_word' id='word_1_159' title='bbox 1401 2722 1430 2777; x_wconf 67' lang='grc' dir='ltr'><strong>μ,</strong></span> 
     </span>
     <span class='ocr_line' id='line_1_22' title="bbox 319 2799 1433 2889; baseline 0.001 -24"><span class='ocrx_word' id='word_1_160' title='bbox 319 2799 406 2865; x_wconf 88' lang='lat' dir='ltr'><strong>hanc</strong></span> <span class='ocrx_word' id='word_1_161' title='bbox 422 2800 628 2866; x_wconf 86' lang='lat' dir='ltr'><strong>sententiam</strong></span> <span class='ocrx_word' id='word_1_162' title='bbox 643 2800 685 2865; x_wconf 87' lang='lat' dir='ltr'><strong>ad</strong></span> <span class='ocrx_word' id='word_1_163' title='bbox 700 2806 838 2889; x_wconf 88' lang='lat' dir='ltr'><strong>tempus</strong></span> <span class='ocrx_word' id='word_1_164' title='bbox 855 2799 1150 2867; x_wconf 79' lang='lat' dir='ltr'><strong>accommodatam</strong></span> <span class='ocrx_word' id='word_1_165' title='bbox 1166 2800 1342 2889; x_wconf 84' lang='lat' dir='ltr'><strong>eleganter</strong></span> <span class='ocrx_word' id='word_1_166' title='bbox 1356 2823 1433 2889; x_wconf 92' lang='lat' dir='ltr'><strong>pro-</strong></span> 
     </span>
     <span class='ocr_line' id='line_1_23' title="bbox 318 2905 1432 2995; baseline 0.001 -23"><span class='ocrx_word' id='word_1_167' title='bbox 318 2906 410 2972; x_wconf 89' lang='lat' dir='ltr'><strong>ducit</strong></span> <span class='ocrx_word' id='word_1_168' title='bbox 426 2906 469 2973; x_wconf 91' lang='lat' dir='ltr'><strong>ad</strong></span> <span class='ocrx_word' id='word_1_169' title='bbox 489 2906 662 2995; x_wconf 87' lang='lat' dir='ltr'><strong>ejusmodi</strong></span> <span class='ocrx_word' id='word_1_170' title='bbox 677 2906 962 2995; x_wconf 82' lang='lat' dir='ltr'><strong>disputationem,</strong></span> <span class='ocrx_word' id='word_1_171' title='bbox 981 2905 1070 2995; x_wconf 88' lang='lat' dir='ltr'><strong>quae</strong></span> <span class='ocrx_word' id='word_1_172' title='bbox 1083 2908 1306 2994; x_wconf 88' lang='lat' dir='ltr'><strong>paucissimis</strong></span> <span class='ocrx_word' id='word_1_173' title='bbox 1317 2907 1432 2973; x_wconf 88' lang='lat' dir='ltr'><strong>verbis</strong></span> 
     </span>
     <span class='ocr_line' id='line_1_24' title="bbox 317 3012 1431 3102; baseline 0.003 -24"><span class='ocrx_word' id='word_1_174' title='bbox 317 3014 461 3079; x_wconf 86' lang='lat' dir='ltr'><strong>mutatis</strong></span> <span class='ocrx_word' id='word_1_175' title='bbox 477 3035 517 3079; x_wconf 88' lang='lat' dir='ltr'><strong>ex</strong></span> <span class='ocrx_word' id='word_1_176' title='bbox 538 3015 588 3079; x_wconf 90' lang='lat' dir='ltr'><strong>eis</strong></span> <span class='ocrx_word' id='word_1_177' title='bbox 604 3012 716 3095; x_wconf 82' lang='lat' dir='ltr'><strong>libris,</strong></span> <span class='ocrx_word' id='word_1_178' title='bbox 731 3034 818 3102; x_wconf 92' lang='lat' dir='ltr'><strong>quos</strong></span> <span class='ocrx_word' id='word_1_179' title='bbox 831 3024 871 3079; x_wconf 84' lang='lat' dir='ltr'><strong>de</strong></span> <span class='ocrx_word' id='word_1_180' title='bbox 887 3012 1022 3101; x_wconf 80' lang='lat' dir='ltr'><strong>Officiis</strong></span> <span class='ocrx_word' id='word_1_181' title='bbox 1035 3014 1252 3101; x_wconf 88' lang='lat' dir='ltr'><strong>conscripsit,</strong></span> <span class='ocrx_word' id='word_1_182' title='bbox 1270 3019 1431 3101; x_wconf 90' lang='lat' dir='ltr'><strong>excerpta</strong></span> 
     </span>
     <span class='ocr_line' id='line_1_25' title="bbox 315 3120 720 3187; baseline 0 -2"><span class='ocrx_word' id='word_1_183' title='bbox 315 3141 392 3186; x_wconf 90' lang='lat' dir='ltr'><strong>esse</strong></span> <span class='ocrx_word' id='word_1_184' title='bbox 412 3127 503 3186; x_wconf 88' lang='lat' dir='ltr'><strong>recte</strong></span> <span class='ocrx_word' id='word_1_185' title='bbox 519 3120 696 3187; x_wconf 87' lang='lat' dir='ltr'><strong>videretur</strong></span> <span class='ocrx_word' id='word_1_186' title='bbox 714 3139 720 3185; x_wconf 94' lang='lat'><strong>:</strong></span> 
     </span>
    </p>
   </div>
   <div class='ocr_carea' id='block_1_3' title="bbox 315 3282 1431 4150">
    <p class='ocr_par' dir='ltr' id='par_1_4' title="bbox 315 3282 1431 4150">
     <span class='ocr_line' id='line_1_26' title="bbox 397 3282 1429 3355; baseline -0.001 -19.041"><span class='ocrx_word' id='word_1_187' title='bbox 397 3285 513 3338; x_wconf 90' lang='lat' dir='ltr'><strong>Etenim</strong></span> <span class='ocrx_word' id='word_1_188' title='bbox 529 3285 718 3340; x_wconf 82' lang='lat' dir='ltr'><strong>ulciscendae</strong></span> <span class='ocrx_word' id='word_1_189' title='bbox 738 3284 867 3355; x_wconf 88' lang='lat' dir='ltr'><strong>injuriae</strong></span> <span class='ocrx_word' id='word_1_190' title='bbox 891 3283 1009 3338; x_wconf 81' lang='lat' dir='ltr'><strong>facilior</strong></span> <span class='ocrx_word' id='word_1_191' title='bbox 1037 3284 1112 3338; x_wconf 89' lang='lat' dir='ltr'><strong>ratio</strong></span> <span class='ocrx_word' id='word_1_192' title='bbox 1128 3289 1173 3338; x_wconf 89' lang='lat' dir='ltr'><strong>est</strong></span> <span class='ocrx_word' id='word_1_193' title='bbox 1188 3299 1278 3353; x_wconf 89' lang='lat' dir='ltr'><strong>quam</strong></span> <span class='ocrx_word' id='word_1_194' title='bbox 1293 3282 1429 3336; x_wconf 87' lang='lat' dir='ltr'><strong>beneficii</strong></span> 
     </span>
     <span class='ocr_line' id='line_1_27' title="bbox 315 3371 1431 3443; baseline 0 -19"><span class='ocrx_word' id='word_1_195' title='bbox 315 3373 537 3438; x_wconf 89' lang='lat' dir='ltr'><strong>remunerandi,</strong></span> <span class='ocrx_word' id='word_1_196' title='bbox 563 3378 719 3443; x_wconf 90' lang='lat' dir='ltr'><strong>propterea</strong></span> <span class='ocrx_word' id='word_1_197' title='bbox 747 3373 826 3443; x_wconf 90' lang='lat' dir='ltr'><strong>quod</strong></span> <span class='ocrx_word' id='word_1_198' title='bbox 845 3373 1030 3442; x_wconf 88' lang='lat' dir='ltr'><strong>superiorem</strong></span> <span class='ocrx_word' id='word_1_199' title='bbox 1056 3389 1121 3427; x_wconf 89' lang='lat' dir='ltr'><strong>esse</strong></span> <span class='ocrx_word' id='word_1_200' title='bbox 1148 3377 1253 3427; x_wconf 89' lang='lat' dir='ltr'><strong>contra</strong></span> <span class='ocrx_word' id='word_1_201' title='bbox 1280 3371 1431 3441; x_wconf 89' lang='lat' dir='ltr'><strong>improbos</strong></span> 
     </span>
     <span class='ocr_line' id='line_1_28' title="bbox 316 3460 1431 3533; baseline 0 -20"><span class='ocrx_word' id='word_1_202' title='bbox 316 3460 415 3514; x_wconf 90' lang='lat' dir='ltr'><strong>minus</strong></span> <span class='ocrx_word' id='word_1_203' title='bbox 430 3466 474 3515; x_wconf 89' lang='lat' dir='ltr'><strong>est</strong></span> <span class='ocrx_word' id='word_1_204' title='bbox 488 3462 597 3533; x_wconf 89' lang='lat' dir='ltr'><strong>negotii</strong></span> <span class='ocrx_word' id='word_1_205' title='bbox 608 3479 697 3533; x_wconf 88' lang='lat' dir='ltr'><strong>quam</strong></span> <span class='ocrx_word' id='word_1_206' title='bbox 717 3462 803 3515; x_wconf 88' lang='lat' dir='ltr'><strong>bonis</strong></span> <span class='ocrx_word' id='word_1_207' title='bbox 818 3462 988 3531; x_wconf 89' lang='lat' dir='ltr'><strong>exaequari.</strong></span> <span class='ocrx_word' id='word_1_208' title='bbox 1002 3464 1076 3516; x_wconf 85' lang='lat' dir='ltr'><strong>Turn</strong></span> <span class='ocrx_word' id='word_1_209' title='bbox 1092 3462 1181 3517; x_wconf 88' lang='lat' dir='ltr'><strong>etiam</strong></span> <span class='ocrx_word' id='word_1_210' title='bbox 1196 3466 1308 3515; x_wconf 82' lang='lat' dir='ltr'><strong>natam</strong></span> <span class='ocrx_word' id='word_1_211' title='bbox 1327 3476 1431 3515; x_wconf 90' lang='lat' dir='ltr'><strong>neces-</strong></span> 
     </span>
     <span class='ocr_line' id='line_1_29' title="bbox 315 3549 1431 3620; baseline 0 -18"><span class='ocrx_word' id='word_1_212' title='bbox 315 3549 428 3603; x_wconf 91' lang='lat' dir='ltr'><strong>sarium</strong></span> <span class='ocrx_word' id='word_1_213' title='bbox 444 3549 564 3619; x_wconf 90' lang='lat' dir='ltr'><strong>quidem</strong></span> <span class='ocrx_word' id='word_1_214' title='bbox 577 3556 621 3605; x_wconf 89' lang='lat' dir='ltr'><strong>est</strong></span> <span class='ocrx_word' id='word_1_215' title='bbox 633 3550 710 3605; x_wconf 88' lang='lat' dir='ltr'><strong>male</strong></span> <span class='ocrx_word' id='word_1_216' title='bbox 727 3550 840 3603; x_wconf 90' lang='lat' dir='ltr'><strong>meritis</strong></span> <span class='ocrx_word' id='word_1_217' title='bbox 853 3566 943 3619; x_wconf 90' lang='lat' dir='ltr'><strong>quam</strong></span> <span class='ocrx_word' id='word_1_218' title='bbox 960 3550 1070 3620; x_wconf 90' lang='lat' dir='ltr'><strong>optime</strong></span> <span class='ocrx_word' id='word_1_219' title='bbox 1086 3550 1198 3605; x_wconf 87' lang='lat' dir='ltr'><strong>meritis</strong></span> <span class='ocrx_word' id='word_1_220' title='bbox 1213 3550 1335 3612; x_wconf 90' lang='lat' dir='ltr'><strong>reterre,</strong></span> <span class='ocrx_word' id='word_1_221' title='bbox 1351 3549 1431 3618; x_wconf 92' lang='lat' dir='ltr'><strong>quod</strong></span> 
     </span>
     <span class='ocr_line' id='line_1_30' title="bbox 315 3629 1431 3710; baseline 0 -19"><span class='ocrx_word' id='word_1_222' title='bbox 315 3637 433 3691; x_wconf 78' lang='lat' dir='ltr'><strong>debeas</strong></span> <span class='ocrx_word' id='word_1_223' title='bbox 459 3639 565 3693; x_wconf 90' lang='lat' dir='ltr'><strong>Odium</strong></span> <span class='ocrx_word' id='word_1_224' title='bbox 587 3629 636 3693; x_wconf 56' lang='lat' dir='ltr'><strong>&#39;vel</strong></span> <span class='ocrx_word' id='word_1_225' title='bbox 664 3639 801 3709; x_wconf 88' lang='lat' dir='ltr'><strong>precibus</strong></span> <span class='ocrx_word' id='word_1_226' title='bbox 829 3638 956 3710; x_wconf 91' lang='lat' dir='ltr'><strong>mitigari</strong></span> <span class='ocrx_word' id='word_1_227' title='bbox 984 3642 1080 3709; x_wconf 88' lang='lat' dir='ltr'><strong>potest</strong></span> <span class='ocrx_word' id='word_1_228' title='bbox 1102 3638 1148 3692; x_wconf 87' lang='lat' dir='ltr'><strong>vel</strong></span> <span class='ocrx_word' id='word_1_229' title='bbox 1169 3637 1357 3709; x_wconf 86' lang='lat' dir='ltr'><strong>temporibus</strong></span> <span class='ocrx_word' id='word_1_230' title='bbox 1387 3637 1431 3691; x_wconf 92' lang='lat' dir='ltr'><strong>rei</strong></span> 
     </span>
     <span class='ocr_line' id='line_1_31' title="bbox 315 3724 1430 3797; baseline -0.001 -18"><span class='ocrx_word' id='word_1_231' title='bbox 315 3724 451 3794; x_wconf 89' lang='lat' dir='ltr'><strong>publicae</strong></span> <span class='ocrx_word' id='word_1_232' title='bbox 475 3727 686 3797; x_wconf 88' lang='lat' dir='ltr'><strong>communique</strong></span> <span class='ocrx_word' id='word_1_233' title='bbox 713 3727 837 3781; x_wconf 85' lang='lat' dir='ltr'><strong>utilitate</strong></span> <span class='ocrx_word' id='word_1_234' title='bbox 862 3727 971 3797; x_wconf 90' lang='lat' dir='ltr'><strong>deponi</strong></span> <span class='ocrx_word' id='word_1_235' title='bbox 992 3726 1038 3781; x_wconf 91' lang='lat' dir='ltr'><strong>vel</strong></span> <span class='ocrx_word' id='word_1_236' title='bbox 1063 3725 1237 3781; x_wconf 82' lang='lat' dir='ltr'><strong>difficultate</strong></span> <span class='ocrx_word' id='word_1_237' title='bbox 1266 3725 1430 3781; x_wconf 91' lang='lat' dir='ltr'><strong>ulciscendi</strong></span> 
     </span>
     <span class='ocr_line' id='line_1_32' title="bbox 316 3812 1430 3881; baseline 0.002 -15"><span class='ocrx_word' id='word_1_238' title='bbox 316 3812 402 3867; x_wconf 89' lang='lat' dir='ltr'><strong>leniri</strong></span> <span class='ocrx_word' id='word_1_239' title='bbox 425 3814 470 3867; x_wconf 91' lang='lat' dir='ltr'><strong>vel</strong></span> <span class='ocrx_word' id='word_1_240' title='bbox 489 3819 632 3869; x_wconf 87' lang='lat' dir='ltr'><strong>velustate</strong></span> <span class='ocrx_word' id='word_1_241' title='bbox 657 3814 768 3881; x_wconf 89' lang='lat' dir='ltr'><strong>sedari;</strong></span> <span class='ocrx_word' id='word_1_242' title='bbox 789 3815 865 3869; x_wconf 91' lang='lat' dir='ltr'><strong>bene</strong></span> <span class='ocrx_word' id='word_1_243' title='bbox 885 3815 1007 3869; x_wconf 88' lang='lat' dir='ltr'><strong>meritos</strong></span> <span class='ocrx_word' id='word_1_244' title='bbox 1025 3831 1062 3869; x_wconf 93' lang='lat' dir='ltr'><strong>ne</strong></span> <span class='ocrx_word' id='word_1_245' title='bbox 1077 3814 1166 3881; x_wconf 78' lang='lat' dir='ltr'><strong>colaS,</strong></span> <span class='ocrx_word' id='word_1_246' title='bbox 1182 3830 1238 3869; x_wconf 87' lang='lat' dir='ltr'><strong>nec</strong></span> <span class='ocrx_word' id='word_1_247' title='bbox 1253 3813 1370 3869; x_wconf 90' lang='lat' dir='ltr'><strong>exorari</strong></span> <span class='ocrx_word' id='word_1_248' title='bbox 1386 3814 1430 3868; x_wconf 86' lang='lat' dir='ltr'><strong>tas</strong></span> 
     </span>
     <span class='ocr_line' id='line_1_33' title="bbox 316 3902 1429 3973; baseline 0.002 -18"><span class='ocrx_word' id='word_1_249' title='bbox 316 3906 370 3967; x_wconf 88' lang='lat' dir='ltr'><strong>est,</strong></span> <span class='ocrx_word' id='word_1_250' title='bbox 384 3918 481 3972; x_wconf 87' lang='lat' dir='ltr'><strong>neque</strong></span> <span class='ocrx_word' id='word_1_251' title='bbox 493 3902 521 3956; x_wconf 89' lang='lat' dir='ltr'><strong>id</strong></span> <span class='ocrx_word' id='word_1_252' title='bbox 534 3902 721 3973; x_wconf 89' lang='lat' dir='ltr'><strong>reipublicae</strong></span> <span class='ocrx_word' id='word_1_253' title='bbox 732 3904 883 3957; x_wconf 88' lang='lat' dir='ltr'><strong>remittere</strong></span> <span class='ocrx_word' id='word_1_254' title='bbox 899 3920 1002 3958; x_wconf 87' lang='lat' dir='ltr'><strong>verum</strong></span> <span class='ocrx_word' id='word_1_255' title='bbox 1016 3920 1112 3973; x_wconf 90' lang='lat' dir='ltr'><strong>neque</strong></span> <span class='ocrx_word' id='word_1_256' title='bbox 1127 3919 1248 3957; x_wconf 91' lang='lat' dir='ltr'><strong>necesse</strong></span> <span class='ocrx_word' id='word_1_257' title='bbox 1261 3906 1318 3965; x_wconf 85' lang='lat' dir='ltr'><strong>est;</strong></span> <span class='ocrx_word' id='word_1_258' title='bbox 1332 3918 1429 3973; x_wconf 90' lang='lat' dir='ltr'><strong>neque</strong></span> 
     </span>
     <span class='ocr_line' id='line_1_34' title="bbox 316 3990 1429 4062; baseline 0.001 -19"><span class='ocrx_word' id='word_1_259' title='bbox 316 3994 361 4043; x_wconf 88' lang='lat' dir='ltr'><strong>est</strong></span> <span class='ocrx_word' id='word_1_260' title='bbox 375 3990 524 4045; x_wconf 75' lang='lat' dir='ltr'><strong>excusatio</strong></span> <span class='ocrx_word' id='word_1_261' title='bbox 537 3990 730 4057; x_wconf 82' lang='lat' dir='ltr'><strong>difficultatis,</strong></span> <span class='ocrx_word' id='word_1_262' title='bbox 745 4008 842 4061; x_wconf 88' lang='lat' dir='ltr'><strong>neque</strong></span> <span class='ocrx_word' id='word_1_263' title='bbox 858 4008 989 4062; x_wconf 91' lang='lat' dir='ltr'><strong>aequum</strong></span> <span class='ocrx_word' id='word_1_264' title='bbox 1004 3995 1048 4045; x_wconf 88' lang='lat' dir='ltr'><strong>est</strong></span> <span class='ocrx_word' id='word_1_265' title='bbox 1063 3998 1195 4062; x_wconf 85' lang='lat' dir='ltr'><strong>tempore</strong></span> <span class='ocrx_word' id='word_1_266' title='bbox 1212 3997 1241 4046; x_wconf 85' lang='lat' dir='ltr'><strong>ct</strong></span> <span class='ocrx_word' id='word_1_267' title='bbox 1255 3991 1302 4046; x_wconf 91' lang='lat' dir='ltr'><strong>die</strong></span> <span class='ocrx_word' id='word_1_268' title='bbox 1315 4006 1429 4045; x_wconf 89' lang='lat' dir='ltr'><strong>memo-</strong></span> 
     </span>
     <span class='ocr_line' id='line_1_35' title="bbox 316 4078 1428 4150; baseline 0.002 -20"><span class='ocrx_word' id='word_1_269' title='bbox 316 4078 390 4131; x_wconf 90' lang='lat' dir='ltr'><strong>riam</strong></span> <span class='ocrx_word' id='word_1_270' title='bbox 418 4078 555 4133; x_wconf 88' lang='lat' dir='ltr'><strong>beneficii</strong></span> <span class='ocrx_word' id='word_1_271' title='bbox 571 4079 702 4133; x_wconf 86' lang='lat' dir='ltr'><strong>delinire.</strong></span> <span class='ocrx_word' id='word_1_272' title='bbox 719 4081 883 4146; x_wconf 88' lang='lat' dir='ltr'><strong>Postremo,</strong></span> <span class='ocrx_word' id='word_1_273' title='bbox 900 4081 950 4150; x_wconf 92' lang='lat' dir='ltr'><strong>qui</strong></span> <span class='ocrx_word' id='word_1_274' title='bbox 966 4081 997 4134; x_wconf 91' lang='lat' dir='ltr'><strong>in</strong></span> <span class='ocrx_word' id='word_1_275' title='bbox 1012 4080 1181 4135; x_wconf 90' lang='lat' dir='ltr'><strong>ulciscendo</strong></span> <span class='ocrx_word' id='word_1_276' title='bbox 1196 4079 1348 4135; x_wconf 89' lang='lat' dir='ltr'><strong>remissior</strong></span> <span class='ocrx_word' id='word_1_277' title='bbox 1362 4078 1428 4145; x_wconf 85' lang='lat' dir='ltr'><strong>luit,</strong></span> 
     </span>
    </p>
   </div>
   <div class='ocr_carea' id='block_1_4' title="bbox 295 4279 1430 4697">
    <p class='ocr_par' dir='ltr' id='par_1_5' title="bbox 315 4279 1430 4553">
     <span class='ocr_line' id='line_1_36' title="bbox 348 4279 1429 4344; baseline -0.005 -15"><span class='ocrx_word' id='word_1_278' title='bbox 348 4282 380 4342; x_wconf 85' lang='grc'><strong>(1)</strong></span> <span class='ocrx_word' id='word_1_279' title='bbox 400 4280 519 4339; x_wconf 87' lang='lat' dir='ltr'><strong>Quarum</strong></span> <span class='ocrx_word' id='word_1_280' title='bbox 531 4294 630 4344; x_wconf 88' lang='lat' dir='ltr'><strong>genera</strong></span> <span class='ocrx_word' id='word_1_281' title='bbox 644 4279 842 4337; x_wconf 86' lang='lat' dir='ltr'><strong>describuntur,</strong></span> <span class='ocrx_word' id='word_1_282' title='bbox 863 4280 961 4341; x_wconf 75' lang='lat' dir='ltr'><strong>lepte,</strong></span> <span class='ocrx_word' id='word_1_283' title='bbox 975 4282 1059 4329; x_wconf 68' lang='lat'>79-85.</span> <span class='ocrx_word' id='word_1_284' title='bbox 1072 4306 1102 4315; x_wconf 90' lang='lat'>-</span> <span class='ocrx_word' id='word_1_285' title='bbox 1117 4280 1156 4328; x_wconf 80' lang='lat' dir='ltr'><strong>ct.</strong></span> <span class='ocrx_word' id='word_1_286' title='bbox 1173 4281 1212 4328; x_wconf 84' lang='lat' dir='ltr'><strong>De</strong></span> <span class='ocrx_word' id='word_1_287' title='bbox 1225 4280 1298 4329; x_wconf 86' lang='lat' dir='ltr'><strong>Orat.</strong></span> <span class='ocrx_word' id='word_1_288' title='bbox 1312 4279 1356 4338; x_wconf 84' lang='grc' dir='ltr'>ΙΙΙ,</span> <span class='ocrx_word' id='word_1_289' title='bbox 1375 4280 1429 4327; x_wconf 86' lang='lat' dir='ltr'><strong>lll-</strong></span> 
     </span>
     <span class='ocr_line' id='line_1_37' title="bbox 318 4350 1430 4484; baseline 0.001 -17"><span class='ocrx_word' id='word_1_290' title='bbox 318 4350 381 4482; x_wconf 67' lang='grc'><strong>11(82)</strong></span> <span class='ocrx_word' id='word_1_291' title='bbox 408 4421 504 4484; x_wconf 74' lang='lat' dir='ltr'><strong>Papia,</strong></span> <span class='ocrx_word' id='word_1_292' title='bbox 533 4424 571 4470; x_wconf 78' lang='lat'><strong>85.</strong></span> <span class='ocrx_word' id='word_1_293' title='bbox 589 4422 657 4481; x_wconf 62' lang='lat' dir='ltr'><strong>illoc</strong></span> <span class='ocrx_word' id='word_1_294' title='bbox 671 4420 832 4483; x_wconf 87' lang='lat' dir='ltr'><strong>exemplum</strong></span> <span class='ocrx_word' id='word_1_295' title='bbox 844 4420 877 4469; x_wconf 91' lang='lat' dir='ltr'><strong>ad</strong></span> <span class='ocrx_word' id='word_1_296' title='bbox 893 4433 925 4470; x_wconf 87' lang='lat' dir='ltr'><strong>ca</strong></span> <span class='ocrx_word' id='word_1_297' title='bbox 938 4419 1120 4483; x_wconf 76' lang='lat' dir='ltr'><strong>quaestionum</strong></span> <span class='ocrx_word' id='word_1_298' title='bbox 1135 4434 1243 4483; x_wconf 85' lang='lat' dir='ltr'><strong>genera,</strong></span> <span class='ocrx_word' id='word_1_299' title='bbox 1261 4434 1321 4483; x_wconf 83' lang='lat' dir='ltr'><strong>quae</strong></span> <span class='ocrx_word' id='word_1_300' title='bbox 1337 4440 1348 4463; x_wconf 65' lang='grc' dir='ltr'><strong>«ι</strong></span> <span class='ocrx_word' id='word_1_301' title='bbox 1363 4434 1430 4468; x_wconf 92' lang='lat' dir='ltr'><strong>con-</strong></span> 
     </span>
     <span class='ocr_line' id='line_1_38' title="bbox 315 4491 787 4553; baseline 0.004 -14"><span class='ocrx_word' id='word_1_302' title='bbox 315 4492 493 4553; x_wconf 78' lang='lat' dir='ltr'><strong>parationes»</strong></span> <span class='ocrx_word' id='word_1_303' title='bbox 510 4492 644 4551; x_wconf 86' lang='lat' dir='ltr'><strong>dicuntur,</strong></span> <span class='ocrx_word' id='word_1_304' title='bbox 663 4491 787 4541; x_wconf 82' lang='lat' dir='ltr'><strong>refertur.</strong></span> 
     </span>
    </p>

    <p class='ocr_par' dir='ltr' id='par_1_6' title="bbox 350 4560 962 4621">
     <span class='ocr_line' id='line_1_39' title="bbox 350 4560 962 4621; baseline 0 -12"><span class='ocrx_word' id='word_1_305' title='bbox 350 4564 383 4621; x_wconf 79' lang='lat' dir='ltr'><strong>t3l</strong></span> <span class='ocrx_word' id='word_1_306' title='bbox 401 4560 439 4610; x_wconf 74' lang='lat' dir='ltr'><strong>tlt.</strong></span> <span class='ocrx_word' id='word_1_307' title='bbox 454 4563 490 4609; x_wconf 84' lang='lat' dir='ltr'><strong>De</strong></span> <span class='ocrx_word' id='word_1_308' title='bbox 507 4562 580 4610; x_wconf 84' lang='lat' dir='ltr'><strong>Orat.</strong></span> <span class='ocrx_word' id='word_1_309' title='bbox 596 4562 628 4619; x_wconf 89' lang='lat' dir='ltr'><strong>lt,</strong></span> <span class='ocrx_word' id='word_1_310' title='bbox 646 4562 829 4621; x_wconf 81' lang='lat' dir='ltr'><strong>133-138;lll‚</strong></span> <span class='ocrx_word' id='word_1_311' title='bbox 848 4562 962 4610; x_wconf 79' lang='lat' dir='ltr'><strong>llo-120.</strong></span> 
     </span>
    </p>

    <p class='ocr_par' dir='ltr' id='par_1_7' title="bbox 295 4632 1035 4697">
     <span class='ocr_line' id='line_1_40' title="bbox 295 4632 1035 4697; baseline 0 -18"><span class='ocrx_word' id='word_1_312' title='bbox 295 4664 298 4667; x_wconf 93' lang='lat'><em>-</em></span> <span class='ocrx_word' id='word_1_313' title='bbox 351 4633 384 4693; x_wconf 75' lang='lat' dir='ltr'><strong>tt)</strong></span> <span class='ocrx_word' id='word_1_314' title='bbox 401 4632 474 4681; x_wconf 86' lang='lat' dir='ltr'><strong>Sicut</strong></span> <span class='ocrx_word' id='word_1_315' title='bbox 486 4633 682 4697; x_wconf 78' lang='lat' dir='ltr'><strong>explicavimus</strong></span> <span class='ocrx_word' id='word_1_316' title='bbox 699 4634 727 4681; x_wconf 90' lang='lat' dir='ltr'><strong>iu</strong></span> <span class='ocrx_word' id='word_1_317' title='bbox 739 4634 817 4681; x_wconf 86' lang='lat' dir='ltr'><strong>Parte</strong></span> <span class='ocrx_word' id='word_1_318' title='bbox 832 4632 850 4689; x_wconf 81' lang='grc' dir='ltr'><strong>Ι,</strong></span> <span class='ocrx_word' id='word_1_319' title='bbox 867 4646 925 4695; x_wconf 88' lang='lat' dir='ltr'><strong>cap.</strong></span> <span class='ocrx_word' id='word_1_320' title='bbox 938 4632 1035 4682; x_wconf 73' lang='grc' dir='ltr'><strong>ΙΙΙ-Ν.</strong></span> 
     </span>
    </p>
   </div>
   <div class='ocr_carea' id='block_1_5' title="bbox 0 0 1876 5167">
    <p class='ocr_par' dir='ltr' id='par_1_8' title="bbox 0 0 1876 5167">
     <span class='ocr_line' id='line_1_41' title="bbox 0 0 1876 5167; baseline 0 2"><span class='ocrx_word' id='word_1_321' title='bbox 0 0 1876 5167; x_wconf 95' lang='lat' dir='ltr'><strong> </strong></span> 
     </span>
    </p>
   </div>
  </div>
 </body>
</html>
