3742 5167
1822 568 2153 633 —10-

770 774 776 780 -
869 730 1187 815 exposita
1207 733 1550 799 sententia
1601 754 1724 821 per
1761 733 1958 800 varia
2016 733 2089 799 in
2155 741 2528 823 utramque
2594 740 2867 823 partem
2898 756 3104 825 argu-

868 842 1102 904 menta
1176 845 1598 907 versaretur.
1666 840 1874 921 Nam,
1948 840 2207 906 cumin
2255 840 2608 931 plerisque
2649 839 2881 925 rehuS,
2926 863 3105 931 quae

865 965 988 1032 per
1016 942 1201 1011 hunc
1233 967 1626 1013 sermonem
1654 943 2156 1035 disceptantur,
2189 953 2339 1014 tum
2380 948 2681 1015 maxime
2708 948 2779 1014 in
2851 970 2955 1031 ea,
3022 948 3105 1017 de

865 1071 1002 1138 qua
1060 1050 1358 1119 dicimus
1419 1059 1486 1119 et
1543 1053 1972 1142 quaerimu3‚
2016 1052 2326 1121 diversas
2384 1052 2487 1143 (ut
2556 1054 2780 1144 prima
2820 1054 3104 1145 quidem

865 1158 1092 1245 specie
1116 1157 1468 1246 videntur)
1503 1158 1731 1226 Crassi
1770 1161 2196 1249 Antoniique
2227 1162 2604 1228 sententias
2642 1160 2724 1228 ad
2759 1184 2972 1229 unam
2997 1184 3104 1230 re-

863 1262 1008 1351 digi
1067 1287 1290 1352 posse,
1325 1264 1411 1332 ab
1451 1264 1742 1333 eruditis
1786 1267 1952 1334 viris
2002 1268 2224 1356 magis
2291 1274 2488 1334 acute
2530 1273 2848 1335 notatum
2890 1291 3101 1358 quam

863 1392 1024 1437 vere
1045 1370 1597 1440 demonstratum
1631 1381 1734 1441 est
1756 1374 1852 1464 (1)
1891 1395 1905 1441 ε
1938 1397 2148 1463 quam
2179 1373 2874 1456 demonstrationem,
2908 1416 2995 1423 —
3029 1376 3102 1441 in

862 1476 947 1543 iis
984 1478 1292 1567 quidem,
1339 1502 1516 1569 quae
1573 1479 1656 1547 ad
1706 1488 2016 1547 nostram
2073 1482 2551 1570 quaestionem
2597 1482 2967 1569 pertinent,
3026 1522 3104 1531 -

859 1584 1080 1650 nostri
1116 1585 1382 1673 proprii
1436 1584 1693 1653 laboris
1725 1608 1874 1653 esse
1906 1587 2487 1668 existimavimuS,
2541 1609 2766 1676 neque
2818 1587 3103 1655 omnino

863 1691 1052 1775 vani,
1095 1692 1239 1761 sive
1280 1692 1459 1783 quod
1518 1691 1873 1760 interdum
1920 1700 2041 1761 aut
2079 1717 2198 1784 per
2246 1693 2667 1786 adventicias
2725 1697 3103 1762 sententias

861 1803 982 1864 aut
1039 1821 1160 1888 per
1223 1799 1447 1889 ipsam
1507 1800 1869 1868 Tullianae
1924 1801 2258 1869 orationis
2315 1802 2542 1869 fusius
2595 1800 3100 1869 redundantem

862 1905 1135 1995 copiam
1153 1906 1240 1996 (2)
1297 1906 1674 1998 disputatio
1698 1914 2013 1996 vagatur,
2052 1910 2200 1976 sive
2234 1915 2517 1999 propter
2536 1909 2911 1998 ancipitem
2948 1932 3100 2000 per-

861 2032 1188 2079 sonarum
1247 2014 1692 2099 inductarum
1753 2015 1953 2104 quasi
1994 2014 2265 2097 faciem,
2315 2038 2613 2105 quarum
2668 2023 2962 2105 utraque
3006 2014 3098 2107 (3)

859 2139 1045 2186 nunc
1071 2126 1147 2186 ut
1176 2121 1396 2210 ipsius
1425 2122 1777 2189 Ciceronis
1819 2122 2160 2211 interpres
2186 2122 2501 2211 loquitur
2532 2122 2652 2212 (4),
2683 2145 2870 2189 nunc
2900 2145 3098 2190 suam

862 2228 1213 2315 propriam
1276 2230 1507 2318 potius
1579 2254 1947 2320 personam
1988 2231 2213 2299 induit
2268 2232 2383 2320 (5),
2429 2239 2507 2297 ut
2574 2254 2697 2319 per
2757 2234 3100 2300 sermonis

860 2332 1080 2405 flexus
1111 2337 1222 2406 vel
1251 2336 1803 2425 jucundissimos
1849 2362 1959 2406 res
2017 2345 2460 2406 controversa
2492 2339 2779 2427 paulum
2854 2338 3099 2407 obscu-

861 2454 1084 2514 retur.
1116 2445 1216 2511 Ac
1244 2443 1445 2512 nobis
1465 2445 1642 2512 hanc
1684 2446 1891 2536 paulo
1919 2445 2296 2513 aridiorem
2374 2444 2917 2565 disputationem
2995 2448 3098 2512 in-

859 2549 1182 2619 euntibus
1206 2549 1336 2618 hoc
1367 2551 1542 2617 forte
1574 2550 2005 2618 excusationi
2061 2551 2214 2636 erit,
2274 2549 2483 2640 quod,
2537 2573 2608 2618 re
2651 2551 2960 2640 primum
3001 2554 3095 2620 ita

856 2659 1230 2725 constituta
1285 2658 1787 2747 explicataque,
1829 2657 2182 2747 reliquum
2213 2658 2367 2736 iter,
2412 2655 2599 2743 quod
2638 2657 2840 2723 nobis
2890 2658 3095 2783 perfi-

855 2763 1186 2831 ciendum
1235 2764 1390 2845 erit,
1437 2763 1714 2853 planius
1749 2770 1814 2830 et
1860 2763 2255 2852 expeditius
2286 2762 2423 2830 fiet.

946 3045 1033 3110 Et
1069 3066 1256 3129 νει-ο,
1313 3043 1482 3109 utin
1512 3042 1908 3131 primilibri
1971 3043 2347 3132 prooemi0‚
2404 3042 2487 3109 de
2542 3064 2679 3132 quo
2741 3042 2889 3131 jam
2921 3042 3093 3109 dixi-

856 3174 1039 3236 mu5‚
1089 3152 1185 3217 sic
1251 3148 1335 3216 ab
1393 3150 1543 3238 ipso
1585 3150 1730 3217 fere
1782 3150 2126 3217 sermonis
2156 3150 2379 3237 ipsius
2401 3149 2599 3215 initio
2630 3171 2709 3215 ea
2749 3150 3086 3238 quaestio,

854 3257 936 3324 de
961 3280 1097 3346 qua
1143 3256 1577 3337 disserimuS‚
1622 3257 1716 3323 ita
1753 3255 2243 3328 introducitur,
2278 3262 2356 3322 ut
2381 3263 2734 3345 appareat,
2787 3278 2924 3344 qua
2963 3256 3091 3323 sub

855 3365 1081 3453 specie
1112 3363 1349 3431 Cicero
1389 3365 1456 3430 in
1494 3363 1620 3431 hoc
1659 3363 2141 3453 componendo
2183 3363 2460 3452 dialogo
2533 3386 2713 3441 eam,
2755 3369 3090 3452 tanquam

856 3471 1324 3559 praecipuam,
1359 3470 1786 3537 tractandam
1820 3471 1951 3537 sibi
1985 3471 2423 3560 proposuerit
2495 3472 2688 3551 Nam,
2723 3477 3089 3558 postquam

855 3579 1143 3643 Crassus
1167 3599 1454 3644 exorsus
1487 3586 1590 3645 est
1645 3576 1994 3645 laudando
2058 3576 2493 3666 praeclarum
2546 3574 2782 3642 Cottae
2862 3577 3090 3665 Sulpi-

852 3686 1080 3774 ciique
1112 3686 1179 3752 in
1233 3684 1518 3753 colenda
1568 3686 1965 3775 eloquentia
2023 3684 2360 3765 studium,
2441 3681 2625 3749 unde
2692 3681 2772 3748 ad
2819 3682 3088 3771 praedi-

852 3792 1142 3860 candam
1175 3793 1734 3881 magnificentius
1769 3794 1990 3882 ipsius
2032 3791 2471 3881 eloquentiae
2509 3788 2919 3877 dignitatem
2972 3788 3091 3856 de-

853 3899 1099 3966 ductus
1128 3906 1231 3966 est
1264 3900 1383 3990 (6),
1423 3937 1496 3951 -
1538 3899 1867 3966 Scaevola
1899 3900 1967 3964 in
2012 3897 2138 3965 hac
2196 3896 2633 3987 eloquentiae
2693 3895 3089 3963 laudatione

850 4006 986 4073 duo
1027 4029 1098 4074 se
1132 4006 1639 4095 reprehendere
1665 4008 1784 4088 ait,
1836 4035 1862 4066 «
1909 4028 2156 4087 unum,
2201 4004 2383 4093 quod
2415 4002 2499 4070 ab
2549 4002 2940 4069 oratoribus
2992 4004 3089 4070 ci-

913 4205 980 4266 (1)
1002 4204 1079 4253 Ne
1109 4204 1166 4254 in
1192 4204 1350 4254 docto
1395 4205 1611 4268 quidem
1665 4208 1726 4256 K.
1773 4207 1860 4256 W.
1921 4207 2139 4257 Pideriti
2187 4208 2580 4257 commentario
2642 4208 2727 4270 (ab
2780 4209 3089 4259 Harnecker

846 4277 1153 4334 retractato)
1184 4275 1238 4325 id
1269 4278 1401 4326 satis
1433 4276 1760 4340 explicatum
1790 4280 2118 4329 invenimus,

911 4347 975 4408 (2)
1002 4348 1161 4397 Velut
1190 4349 1247 4396 in
1269 4348 1407 4397 libro
1436 4349 1474 4408 1,
1503 4350 1673 4407 49-52,
1705 4353 1863 4411 58·65‚
1890 4354 1989 4401 ete.

911 4419 974 4479 (3)
1003 4418 1223 4468 Crassus
1254 4420 1630 4482 Antoniusque
1661 4421 1766 4470 soli
1785 4436 1816 4470 a
1850 4422 2009 4472 nobis
2038 4422 2140 4471 hoc
2166 4422 2284 4471 loco
2307 4423 2732 4473 considerantur.

910 4491 974 4551 (4)
1008 4490 1121 4538 Hoc
1151 4489 1214 4540 de
1251 4491 1484 4540 Antonio
1516 4492 1681 4541 etiam
1712 4493 2124 4556 intelligendum
2152 4495 2261 4554 est3
2294 4493 2367 4543 Cf.
2396 4494 2489 4558 Ep.
2528 4496 2599 4543 ad
2627 4494 2822 4543 Famil.
2862 4495 2974 4551 Vll,
3006 4497 3081 4547 3-2,

909 4561 972 4620 (5)
1006 4561 1156 4620 Quod
1179 4563 1254 4611 ita
1283 4576 1402 4611 esse
1423 4564 1587 4612 etiam
1609 4565 1663 4612 in
1689 4565 2269 4629 Crasso—praesertim
2298 4564 2361 4614 de
2390 4566 2502 4614 suis
2528 4566 2722 4616 studiis
2746 4566 3001 4630 loquente
3025 4592 3086 4601 —

846 4632 986 4682 infra
1020 4634 1484 4683 animadvertitur.

910 4705 975 4768 (6)
1001 4706 1072 4755 De
1105 4705 1191 4755 Or.
1221 4708 1260 4760 l.
1294 4720 1409 4770 cap.
1442 4709 1484 4756 8.

3715 2721 3716 2726 ⁴
3655 2470 3717 2694 &22:22
