3742 5167
1523 498 1921 563 —121—

600 667 1095 757 profiteretur3
1143 667 1288 753 sed,
1342 672 1421 733 ut
1462 666 1665 735 nobis
1701 666 1784 734 de
1845 666 2169 734 Tulliana
2216 665 2701 757 philosophiae
2740 669 2822 736 ad

598 772 1066 862 eloquentiam
1106 772 1589 863 adjungendae
1629 773 1931 841 formula
1970 772 2471 864 quaerentibus
2529 775 2826 841 maxime

598 880 1033 970 propositum
1073 879 1201 947 fuit
1242 881 1614 971 explicare,
1661 891 2005 972 quantum
2060 880 2548 971 philosophiae
2598 881 2826 949 studio

597 988 669 1053 in
716 987 863 1054 suis
901 986 1334 1055 orationibus
1373 994 1610 1055 noster
1657 995 1903 1055 auctor
1943 987 2323 1071 tribuisset,
2379 988 2475 1055 ita
2534 989 2687 1079 ipsa
2731 993 2826 1057 rei

599 1100 878 1161 nostrae
909 1094 1273 1185 explicatio
1304 1116 1428 1162 nos
1454 1094 1765 1175 adduxit,
1795 1102 1873 1162 ut
1903 1094 2462 1181 admoneremus,
2486 1101 2822 1185 quantun]

601 1201 940 1268 oratoriae
963 1201 1276 1269 facultati
1315 1202 1383 1267 in
1417 1225 1543 1270 sua
1578 1200 2123 1293 philosophandi
2149 1204 2418 1270 ratione
2450 1202 2635 1270 idem
2674 1225 2830 1271 con-

599 1309 940 1395 cessisset.
998 1308 1083 1375 Et
1123 1308 1433 1395 quidem,
1489 1308 1573 1377 de
1612 1310 1915 1400 propriis
1956 1307 2441 1400 philosophiae
2478 1310 2794 1399 quaestio

602 1413 807 1482 nibus
841 1445 868 1475 «
916 1421 1159 1482 ornate
1206 1417 1622 1506 copioseque
1660 1415 2045 1484 disserendi
2085 1417 2194 1502 (1)
2239 1444 2270 1477 »
2305 1415 2706 1506 exemplum
2746 1417 2830 1482 al}

599 1522 843 1588 eodem
904 1521 1511 1613 philosophorum,
1548 1545 1802 1613 genere
1864 1529 2174 1614 repetere
2250 1523 2381 1590 sibi
2438 1521 2818 1601 videbatur,

599 1650 896 1716 quorum
933 1651 972 1695 a
1010 1628 1377 1719 disciplina
1407 1652 1479 1697 se
1520 1652 1673 1697 eam
1708 1659 1737 1691 «
1785 1652 2022 1697 rerum
2062 1628 2576 1720 verborumque
2619 1629 2822 1697 simul

596 1735 867 1825 copiam
910 1735 997 1820 (2)
1032 1764 1095 1821 »,
1124 1736 1307 1804 unde
1339 1758 1539 1805 suam
1579 1736 1848 1805 dicendi
1882 1737 2286 1805 facultatem
2317 1758 2589 1804 summe
2615 1736 2830 1805 aluis-

596 1849 700 1908 set
723 1846 790 1909 et
830 1842 1415 1932 amplificavisset,
1450 1843 1581 1911 sibi
1621 1845 2088 1935 assumpsisse
2127 1844 2275 1934 ipse
2318 1844 2668 1934 professus
2696 1853 2822 1913 est.

660 2055 725 2117 (1)
755 2054 945 2120 Ipsum
966 2055 1025 2103 in
1077 2054 1288 2103 Tuscal.
1329 2055 1370 2113 1,
1400 2055 1448 2115 7,
1500 2054 1580 2104 ita
1617 2054 1933 2117 loquentem
1958 2052 2305 2103 invenimus:
2352 2071 2376 2096 α
2497 2051 2647 2101 Hanc
2680 2050 2826 2101 enin]

597 2124 681 2183 (de
710 2126 999 2176 Aristotele
1026 2140 1192 2190 supra
1211 2126 1548 2189 loquebatur)
1568 2125 1862 2190 perfectam
1880 2124 2290 2188 philosophiam
2320 2136 2538 2187 semper
2565 2121 2826 2184 judicavi,

595 2210 732 2259 quae
761 2197 825 2245 de
851 2197 1105 2246 maximis
1126 2197 1538 2260 quaestionibus
1564 2198 1780 2260 copiose
1805 2199 1992 2259 posset
2016 2197 2312 2259 ornateque
2348 2194 2544 2254 dicere,
2573 2195 2631 2243 in
2660 2208 2822 2257 quam

595 2268 1036 2318 exercitationem
1059 2270 1135 2318 ita
1163 2283 1264 2317 nos
1291 2269 1529 2317 studiose
1550 2268 1817 2325 dedimus,
1848 2270 1910 2316 ut
1931 2269 2047 2330 J’am
2072 2269 2237 2317 etiam
2268 2268 2483 2316 scholas
2497 2267 2822 2316 Graecorum

595 2352 743 2388 more
769 2339 963 2389 habere
994 2338 1334 2389 auderemus,
1365 2378 1377 2389 .
1404 2360 1426 2383 ι»
1459 2341 1532 2389 De
1579 2340 1683 2389 hoc
1716 2359 1737 2382 «
1769 2340 1993 2402 copiose
2046 2341 2341 2401 ornateque
2386 2336 2612 2387 dicendo
2633 2351 2664 2386 1>
2688 2337 2826 2400 apud

595 2413 883 2471 oratorem,
915 2409 1033 2459 vide
1063 2412 1284 2461 tertium
1312 2412 1378 2459 de
1410 2411 1632 2461 Oratore
1651 2410 1865 2469 librum,
1892 2410 1957 2460 de
1990 2425 2095 2475 quo
2124 2423 2290 2474 supra
2316 2408 2371 2459 id
2398 2409 2654 2466 diximuS‚
2688 2409 2826 2472 quod

596 2479 662 2529 ad
687 2495 803 2531 rem
832 2484 1078 2531 nostram
1095 2482 1376 2531 attinebat.

659 2554 724 2614 (2)
751 2553 827 2603 Cf.
863 2554 934 2601 De
956 2553 1089 2602 Orat
1138 2553 1228 2613 111,
1262 2555 1371 2611 125,
1403 2555 1491 2602 142
1517 2552 1600 2616 (de
1631 2566 1737 2615 qua
1765 2567 1820 2602 re
1852 2551 2087 2601 diximus
2107 2552 2164 2601 in
2187 2554 2378 2601 nostra
2396 2554 2547 2615 parte
2569 2551 2609 2610 Ι,
2635 2565 2751 2615 cap.
2774 2565 2830 2601 111

595 2626 649 2672 et
680 2638 750 2672 xv.

1793 2798 1936 2856 Vim
1978 2813 2051 2856 Ac
2094 2812 2352 2856 PERLEGI

1607 2930 1869 2984 Lutetiae
1896 2929 2260 2984 Parisiorum
2293 2930 2352 2983 in
2385 2929 2654 2984 Sorbona

1558 3052 1610 3093 a.
1672 3037 1726 3094 d.
1781 3036 1844 3089 Vl
1895 3035 1978 3090 ld.
2027 3036 2157 3090 Jan.
2214 3051 2353 3090 ann.
2403 3036 2723 3091 MDCCCCI.

884 3176 1200 3233 Facultatis
1225 3175 1541 3228 litterarum
1560 3173 1621 3225 in
1656 3172 2025 3227 Universitate
2051 3171 2352 3226 Pari-aiensi
2377 3171 2652 3238 Decanus‚

1998 3297 2069 3355 A.
2120 3295 2467 3356 CROISET.

759 3431 938 3489 TYris
978 3442 1327 3497 munerun,

599 3563 932 3618 Academiae
967 3559 1303 3618 Parisiensis
1325 3560 1543 3625 Hector,

882 3672 1221 3742 GREARD.
