3742 5167
799 592 979 657 „57-

331 778 419 845 quae
439 782 455 817 «
481 776 597 822 rerum
614 753 827 822 abundantia
847 755 894 845 (1)
915 783 930 817 r
942 756 1150 840 efficeretur,
1163 760 1206 827 ab
1223 788 1239 823 «
1261 760 1356 830 inani
1372 786 1451 831 ver-

329 862 454 929 borum
473 861 690 929 volubilitate
698 861 746 951 (2)
765 889 779 922 n
794 864 925 931 secerni
938 862 981 931 ab
997 886 1036 931 eo
1052 865 1217 943 vidimus,
1231 868 1266 933 id
1276 869 1312 934 in
1323 892 1450 938 vanam

328 967 516 1059 quamdam
532 966 793 1036 distinctionem
807 991 877 1036 non
888 970 1040 1037 recidere
1058 974 1447 1064 maximeintellegetur,

330 1076 356 1141 si
379 1075 645 1163 respexerimus,
658 1098 724 1165 quo
740 1076 845 1143 talem
861 1076 1048 1143 formulam
1062 1084 1179 1145 noster
1191 1090 1311 1149 auctor
1338 1084 1451 1150 inten-

330 1181 423 1248 disse
443 1180 614 1248 videatur.
631 1180 698 1261 Qui
721 1184 816 1249 enim
836 1183 912 1271 ipsa
929 1205 946 1246 <r
970 1184 1109 1272 copiose
1128 1183 1297 1254 dicendis
1318 1190 1451 1278 proles-

329 1289 425 1355 sione
440 1286 605 1355 dissensit
624 1288 722 1356 abiis
746 1289 805 1378 qui
823 1312 839 1353 u
856 1290 1000 1357 atticum
1016 1315 1046 1370 r,
1070 1292 1266 1374 uteiebant,
1288 1317 1399 1385 genus
1414 1298 1448 1364 in

327 1394 511 1485 jejunitate
538 1395 687 1483 quadam
722 1403 755 1463 et
781 1422 797 1457 n
823 1396 977 1464 exilitate
991 1397 1036 1486 (3)
1059 1424 1074 1458 »
1090 1397 1228 1466 dicendi
1250 1406 1447 1490 posuerint,

329 1502 420 1569 idern
441 1504 475 1567 in
491 1504 630 1591 copiose
645 1504 783 1571 dicendi
799 1504 900 1571 laude
923 1526 1044 1571 senon
1065 1506 1166 1573 modo
1179 1514 1336 1597 separari
1354 1510 1449 1577 vole-

331 1610 388 1677 bat
408 1608 449 1675 ab
474 1610 516 1674 iis
538 1610 693 1677 ridiculis
713 1611 855 1700 quidem
883 1611 1202 1680 «clamatoribus»
1233 1615 1281 1705 (1)
1311 1638 1399 1705 quos
1413 1618 1448 1685 in

332 1718 431 1786 turbe
446 1717 867 1788 lorensividebatinvana
877 1719 1065 1788 verborum
1078 1722 1256 1789 celeritate
1271 1722 1447 1803 delectari,

330 1825 389 1894 sed
404 1826 508 1892 etiam
522 1824 564 1891 ab
579 1826 699 1893 illis-
714 1825 859 1893 minime
870 1826 1025 1916 quidem,
1038 1833 1076 1893 ut
1097 1828 1169 1916 ipse
1182 1827 1450 1916 judicavitcon-

330 1929 526 2001 temnendis
539 1932 829 2024 -principibusc
845 1934 1018 2001 Asiaticae
1029 1934 1188 2000 dictionis
1200 1936 1333 2022 »cujus
1349 1966 1364 1997 «
1381 1936 1449 2004 duo

330 2064 457 2130 genera
482 2068 497 2108 s
519 2043 566 2109 ita
580 2041 766 2129 descripsit
795 2057 839 2107 t«
863 2062 974 2108 unum
1004 2042 1257 2108 sententiosum
1287 2052 1316 2109 et
1345 2066 1449 2133 argu·

329 2155 417 2232 tum,
441 2148 623 2218 sententiis
644 2170 713 2214 non
734 2153 806 2214 tam
839 2146 1005 2235 gravibus
1030 2155 1063 2214 et
1080 2150 1209 2215 severis
1229 2170 1334 2237 quam
1367 2173 1449 2216 con-

329 2258 441 2325 cinnis
468 2264 501 2324 et
515 2255 726 2335 venustis...
744 2254 894 2321 alterum
915 2260 1069 2322 nontam
1088 2256 1268 2321 sententiis
1288 2256 1449 2345 frequen-

328 2370 554 2454 tatumquam
570 2361 685 2431 verbis
702 2361 843 2428 volucre
855 2367 959 2450 atque
972 2360 1212 2444 incitatum...
1230 2384 1291 2430 nec
1304 2362 1449 2430 flumine

329 2471 443 2538 solum
458 2470 636 2551 orationis,
651 2467 709 2535 sed
726 2468 832 2535 etiam
848 2474 1012 2535 exornato
1023 2475 1055 2535 et
1071 2468 1177 2535 laceto
1192 2490 1318 2558 genere
1329 2468 1451 2537 verbo·

329 2600 433 2645 rum»
457 2601 464 2645 :
483 2598 636 2667 quorum
653 2575 803 2642 duorum
817 2597 986 2665 generum
1002 2596 1082 2643 oum
1094 2574 1306 2642 clarissimos
1320 2576 1353 2641 in
1368 2578 1450 2645 Asia

329 2690 487 2751 auctores
515 2684 567 2774 (5)
601 2681 813 2764 nominabat,
849 2689 924 2748 tum
953 2705 1072 2749 eorum
1108 2690 1257 2771 utroque
1291 2683 1449 2751 floruisse

332 2792 481 2857 maxime
496 2790 726 2857 Hortensium
740 2789 997 2857 adulescentem
1011 2788 1137 2871 aiebat,
1149 2792 1354 2878 praesertim
1367 2814 1448 2857 cum

329 2895 371 2962 ad
390 2896 495 2963 talem
520 2903 669 2964 aetatem
697 2895 783 2963 haec
802 2895 938 2963 dicendi
971 2896 1129 2963 formula.
1161 2898 1447 2965 accommodatis-

330 3004 417 3070 sima
431 3011 463 3070 et
479 3010 568 3071 esset
584 3010 616 3070 et
634 3002 809 3071 videretur
824 3002 884 3092 (c).
908 3004 952 3069 Et
981 3002 1122 3092 quidem
1141 3005 1223 3070 huic
1242 3005 1376 3092 generi,
1412 3006 1447 3070 in

329 3132 397 3199 quo
423 3138 439 3171 «
455 3109 619 3177 inanibus
630 3108 746 3178 verbis
769 3138 785 3170 n
806 3111 893 3177 vel«
912 3108 1051 3177 levibus
1071 3112 1253 3176 sententiis
1266 3110 1316 3199 (7)
1340 3137 1357 3172 »
1373 3133 1448 3177 am-

328 3218 493 3307 plificatio
512 3218 721 3298 efficeretur,
738 3217 942 3283 Ciceronem
959 3217 1074 3305 ipsum
1089 3255 1133 3265 -
1148 3218 1352 3305 praesertim
1364 3216 1403 3283 ad
1411 3241 1447 3284 u-

329 3323 517 3391 lescentem
533 3324 717 3413 —aliquid
732 3324 944 3391 concessisse
962 3346 1001 3390 ea
1015 3324 1299 3412 declarant,quae
1314 3325 1348 3390 in
1363 3324 1443 3391 Sex.

331 3429 445 3499 Roscii
463 3431 593 3519 judicio
605 3433 725 3521 (quam
742 3432 894 3520 primam
923 3452 1103 3497 «causam
1120 3430 1294 3519 publicam
1318 3459 1333 3493 ι)
1370 3454 1446 3498 ora-

330 3536 396 3621 bat)
413 3538 461 3627 (8)
482 3538 524 3606 de
548 3538 801 3629 parricidarum
817 3538 1002 3627 supplicio,
1021 3537 1153 3621 mullis,
1168 3538 1292 3627 utipse
1314 3560 1447 3605 merno-

329 3646 431 3724 ravit,
444 3645 660 3713 audientium
680 3645 893 3713 clamoribus
908 3645 972 3735 (9),
989 3646 1141 3713 dixerat:
1155 3646 1205 3713 sic
1225 3646 1321 3712 enim
1339 3668 1446 3736 prop-

270 3930 273 3937 .
362 3894 396 3957 (1)
413 3894 451 3943 Gt.
468 3894 504 3943 De
518 3894 572 3953 Or,
588 3894 634 3948 111,
649 3895 701 3941 125.
718 3893 757 3954 (V.
772 3907 863 3957 supra,
879 3907 904 3957 p.
921 3895 960 3953 56,
977 3907 1006 3943 n.
1021 3894 1055 3953 3.)

362 3964 446 4027 (2)(11.
469 3966 504 4014 De
516 3965 559 4014 Or.
576 3966 595 4023 l,
608 3966 636 4013 l'l
649 3967 676 4014 et
691 3966 719 4013 20
735 3966 879 4026 (prooem).
896 3962 944 4025 (Gt.
962 3963 1128 4026 supra-Part.
1140 3963 1159 4018 1.
1174 3977 1231 4027 cap.
1249 3964 1323 4027 lV.p.
1334 3966 1386 4023 55.)

361 4037 394 4099 (3)
407 4036 445 4086 Cf.
460 4038 546 4094 Brut,
559 4038 604 4085 284
616 4050 683 4099 sqq:
701 4056 712 4079 n
725 4036 843 4084 Atticum
856 4049 885 4083 se
898 4034 996 4083 Calvus
1011 4032 1064 4082 diei
1085 4035 1222 4082 oratorem
1235 4034 1345 4084 volebat
1360 4050 1366 4083 :
1382 4034 1445 4085 inde
1476 4056 1484 4070 ι

330 4109 388 4157 erat
410 4107 462 4158 ista
481 4106 620 4157 exilitas...
636 4110 687 4156 etc.
701 4128 711 4150 l
725 4134 756 4142 —
773 4106 846 4155 Orat.
861 4108 954 4164 20-323
971 4106 1007 4152 De
1021 4107 1074 4166 opt.
1090 4118 1149 4166 pen.
1166 4108 1238 4153 oret.
1254 4107 1322 4153 1-16.
1339 4106 1376 4153 De
1392 4119 1446 4168 qua

330 4180 489 4243 quaestione
503 4178 564 4228 vide
586 4178 802 4228 eruditissimam
821 4176 1035 4240 disputationem
1063 4188 1145 4238 quam
1162 4176 1246 4225 edidit
1261 4178 1291 4225 11.
1315 4177 1446 4226 Lantoine

331 4266 343 4296 ι
359 4251 396 4299 De
412 4250 537 4299 Cicerone
551 4252 648 4298 contra
660 4250 763 4298 Atticos
774 4249 932 4311 disputante
948 4267 960 4289 a
977 4248 1067 4308 (1811).

362 4322 394 4383 (l)
410 4315 447 4371 De
461 4323 512 4371 hoe
527 4321 609 4370 verbo
624 4322 652 4371 V.
669 4322 707 4370 De
721 4321 764 4370 Or.
778 4320 797 4378 l,
810 4321 855 4367 202
872 4319 938 4378 3lll,
955 4320 982 4367 81
995 4331 1001 4377 ;
1013 4318 1100 4376 Brut,
1117 4320 1162 4367 182
1174 4333 1180 4377 ;
1194 4320 1231 4369 Gt.
1249 4319 1297 4371 Or.
1313 4321 1352 4369 53.

362 4394 394 4456 (5)
409 4393 456 4443 Vel
471 4407 535 4443 suae
550 4394 644 4443 aetatis
667 4394 707 4455 (ut
729 4392 863 4441 Milesium
887 4390 1057 4451 Aeschinem)
1074 4390 1117 4438 vel
1140 4390 1222 4454 paulo
1239 4392 1385 4453 superioris
1407 4392 1448 4453 lut

330 4464 481 4514 Hieroclem
490 4467 517 4514 et
530 4464 679 4514 Meneclem
688 4465 718 4513 in
729 4464 815 4527 primo
826 4476 934 4525 genere,
948 4461 1113 4524 Aeschylum
1125 4461 1251 4511 Cnidium
1265 4463 1293 4510 in
1306 4463 1445 4526 secundo).

361 4534 394 4597 (6)
407 4534 446 4584 Cf.
462 4537 547 4594 Brut,
563 4538 680 4585 ere-321.

361 4606 393 4669 (1)
410 4607 485 4657 Sicut
499 4607 597 4658 dicitur
610 4607 640 4655 in
655 4606 741 4665 Orat,
758 4607 811 4655 lit.

362 4678 396 4741 (8)
408 4677 447 4728 Cl.
463 4680 540 4728 Brut.
552 4681 598 4729 312
612 4693 618 4739 ;
634 4680 660 4728 et
673 4680 726 4727 Pro
744 4678 804 4727 Sex.
818 4675 919 4735 Roscio,
939 4678 979 4724 59.

361 4750 395 4812 (9)
410 4748 447 4799 Cf.
466 4750 551 4808 Orat,
569 4752 622 4799 llll.
