3742 5167
773 587 950 651 -ῃ-

305 750 436 817 eumin
458 749 650 817 exercenda
668 750 733 818 hac
746 754 893 841 vagandi
908 752 1067 820 libertate
1083 776 1152 820 non
1179 755 1322 822 solitum
1345 778 1420 824 esse

306 856 489 946 respicere,
508 856 591 946 quid
602 879 705 925 causa
725 863 786 924 aut
802 858 996 947 postularet
1005 864 1066 926 aut
1083 865 1176 926 certe
1189 859 1418 949 permitteret.

283 964 287 973 '
305 964 407 1050 Nam,
425 966 454 1032 si
476 966 673 1055 seposueris
687 965 872 1033 nonnullas
887 966 1075 1044 orationes,
1087 986 1189 1055 quae,
1206 986 1421 1055 quamquam

305 1079 365 1139 aut
384 1073 420 1139 in
446 1073 612 1140 concione
641 1079 700 1139 aut
733 1073 769 1138 in
790 1079 912 1141 senatu
938 1072 1091 1153 habitae,
1118 1071 1162 1139 ad
1188 1092 1385 1163 «pompam
1403 1098 1418 1134 a

304 1178 400 1245 illius
429 1204 445 1240 u
467 1178 643 1268 epidictici
672 1206 688 1241 a
721 1179 859 1267 generis
888 1180 1065 1268 propriam
1096 1178 1148 1268 (l)
1185 1179 1309 1246 intima
1334 1200 1421 1269 qua-

303 1283 383 1352 dam
413 1287 545 1353 ratione
585 1285 806 1367 accedebant,
839 1324 882 1337 -
923 1285 1044 1376 quales
1079 1307 1162 1353 sane
1190 1285 1270 1353 illae
1311 1290 1420 1374 eraut,

304 1390 432 1480 quibus
472 1400 531 1460 aut
561 1393 690 1483 populo
719 1398 797 1483 post
838 1391 990 1460 reditum
1028 1398 1088 1459 aut
1120 1391 1157 1459 C.
1187 1392 1324 1460 Caesari
1358 1413 1420 1483 pro

302 1497 346 1564 M.
362 1498 524 1567 Marcello
539 1506 743 1568 conservato
756 1499 886 1589 gratias
906 1500 990 1589 agit,
1013 1520 1210 1589 -perraro
1230 1498 1363 1581 incidit,
1381 1505 1421 1567 ut

301 1604 369 1671 tale
380 1606 599 1674 exornandae
614 1608 662 1674 rei
681 1606 837 1675 studium
852 1606 895 1674 ab
920 1607 1016 1673 omni
1034 1606 1195 1674 utilitatis
1214 1606 1348 1673 ratione
1368 1628 1421 1673 se·

302 1719 462 1801 paratum
479 1713 662 1781 videatur:
689 1714 811 1795 sicea,
836 1712 964 1803 quibus
985 1713 1022 1779 in
1053 1712 1115 1781 Gn.
1137 1712 1272 1780 Plancii
1301 1712 1420 1780 defen·

301 1821 397 1889 sione
414 1823 545 1910 gratiae
563 1823 763 1891 referendae
784 1822 942 1890 officium
962 1820 1202 1912 exaggerabat,
1218 1819 1438 1895 adversario,

301 1929 499 2017 neglectum
512 1952 595 2021 erga
605 1953 641 1999 se
657 1931 829 1998 amicitiae
842 1928 998 1996 officium
1011 1927 1188 2018 objicienti
1202 1926 1415 2018 opponebat:

300 2041 405 2125 atque
424 2037 458 2102 in
492 2036 529 2104 L.
566 2038 731 2105 Murenae
756 2059 873 2122 causa,
902 2035 986 2102 dum
1020 2034 1057 2101 in
1088 2033 1308 2103 extenuanda
1327 2034 1418 2123 juris

213 2212 215 2215 ,
300 2142 413 2209 civilis
428 2143 595 2232 dignitate
611 2150 860 2230 commoratur,
876 2144 1080 2212 universam
1109 2140 1213 2231 hujus
1237 2142 1322 2209 artis
1341 2142 1418 2207 irri-

300 2248 434 2317 sionem
450 2252 487 2317 in
497 2250 692 2341 Sulpicium
707 2252 824 2341 ipsum
839 2249 992 2319 recidere
1005 2248 1154 2326 volebat,
1168 2270 1271 2338 quem
1284 2253 1415 2331 tamen,

299 2358 504 2443 praesertim
524 2357 854 2441 familiarissimum,
885 2365 1003 2448 aperte
1030 2364 1146 2448 petere
1174 2378 1244 2423 non
1259 2354 1413 2439 decebat,

298 2502 341 2515 -
362 2466 552 2553 nequenisi
567 2464 708 2555 longius
729 2465 920 2533 insistendo
932 2464 979 2547 id,
1006 2464 1098 2554 quod
1113 2462 1180 2531 sibi
1189 2461 1414 2554 proponebat,

299 2569 362 2638 hac
375 2569 517 2662 obliqua
536 2572 592 2640 via
608 2573 699 2640 effici
711 2580 858 2664 poterat,
881 2578 920 2639 ut
938 2573 1034 2639 illius
1054 2572 1121 2642 viri
1141 2572 1327 2639 auctoritas
1341 2570 1414 2637 sin-

202 2738 206 2742 .
298 2677 412 2766 gulari
422 2677 515 2767 juris
530 2680 644 2749 civilis
671 2679 785 2747 studio
809 2679 962 2746 maxime
988 2679 1071 2746 nixa
1100 2678 1144 2768 (2)
1179 2677 1412 2747 minueretur.

299 2784 396 2864 Quod
411 2787 452 2868 si,
469 2786 525 2855 vel
537 2809 577 2854 ea
593 2787 726 2854 ratione
738 2785 905 2870 adhibita,
923 2791 1043 2853 noster
1057 2791 1173 2853 orator
1188 2784 1270 2852 huic
1284 2783 1412 2874 digres·
1508 2825 1512 2829 -

298 2892 387 2958 sioni
399 2893 512 2982 majus
533 2894 684 2983 spatium
705 2893 916 2961 concessisse
937 2893 1033 2962 visus
1058 2893 1137 2976 erit,
1160 2913 1266 2981 quam
1288 2930 1328 2941 —
1345 2913 1411 2957 non

297 2996 373 3065 dico
411 3001 646 3067 necessarium
685 3000 744 3067 sed
779 2999 864 3067 utile
888 2998 935 3089 (3)
973 3037 1012 3050 -·
1038 3004 1124 3083 erat,
1146 3000 1413 3065 meminerimus

297 3126 376 3172 eum
397 3113 436 3173 ut
451 3108 616 3174 Murenae
636 3114 822 3198 patronum
848 3113 926 3196 post
940 3105 1169 3173 Hortensium
1196 3109 1231 3171 et
1245 3103 1411 3171 Crassum

295 3211 343 3277 ita
357 3212 484 3297 dicere,
507 3219 545 3279 ut
565 3236 634 3279 non
661 3218 795 3304 partem
812 3212 968 3303 aliquam
988 3217 1106 3299 ageret
1127 3232 1264 3295 causae,
1283 3209 1342 3279 sed
1370 3209 1412 3277 de

295 3322 365 3385 tota
386 3341 422 3386 re
444 3319 585 3400 diceret,
610 3348 625 3380 α
651 3318 743 3408 quod
773 3318 840 3385 sibi
862 3319 1039 3387 videretur
1060 3317 1107 3408 (l)
1123 3340 1164 3400 »3
1194 3321 1228 3385 et
1249 3340 1344 3400 vero,
1374 3322 1411 3384 ut

296 3424 411 3514 ipsum
431 3449 501 3495 non
522 3427 634 3509 latuit,
660 3433 831 3517 quantum
858 3428 892 3493 in
924 3426 986 3492 illa
1012 3424 1263 3492 consuetudine
1282 3425 1329 3492 ita
1357 3423 1411 3489 in·

295 3533 409 3621 ducta,
425 3539 463 3600 ut
489 3534 646 3622 singulae
669 3556 793 3601 causae
813 3532 1082 3600 defenderentur·
1101 3555 1119 3598 a
1145 3530 1315 3621 pluribus,
1335 3530 1411 3599 vitii

294 3639 423 3707 inesset
439 3640 500 3730 (5),
519 3642 567 3706 sic
578 3647 669 3707 recte
680 3638 745 3706 sihi
758 3640 916 3707 conscius
937 3645 1022 3724 erat,
1044 3662 1081 3707 se
1097 3660 1177 3705 eum
1189 3636 1410 3727 potissimum

294 3768 380 3832 esse,
398 3747 459 3837 qui
479 3755 512 3815 et
538 3747 601 3813 hoc
620 3747 747 3813 vitium
772 3746 935 3837 obtegere
951 3753 985 3814 et
1021 3775 1036 3807 «
1065 3744 1225 3835 judicum
1258 3743 1409 3811 satietati

293 3876 473 3922 occurrere
488 3854 537 3944 (6)
555 3881 571 3915 o
589 3876 649 3943 per
668 3852 814 3921 ornandi
825 3854 1014 3920 artificium
1025 3859 1151 3942 posset.
1174 3851 1265 3919 lllud
1278 3850 1409 3917 scilieet

295 3986 311 4021 «
328 3960 420 4050 quod
436 3960 501 4028 sibi
517 3959 724 4028 videretur»
743 3961 896 4033 maxima
915 3982 995 4026 cum
1019 3960 1238 4026 audientium
1260 3956 1408 4025 delecta·

324 4224 356 4287 (1)
372 4224 409 4275 Cf.
430 4223 473 4274 Or.
487 4225 563 4273 37-42
579 4226 619 4287 (ae
634 4237 717 4288 supra
730 4225 817 4273 nostr.
833 4228 900 4288 part.
916 4226 935 4283 l,
952 4238 978 4287 p.
993 4227 1032 4282 34,
1047 4238 1074 4273 n.
1088 4226 1126 4286 l).

324 4296 356 4357 (2)
372 4295 409 4344 cf.
437 4310 477 4354 ea,
494 4309 562 4359 quae
588 4295 620 4345 de
647 4296 698 4345 hoc
719 4296 957 4359 praestantissimo
976 4294 1087 4358 Sulpicii
1116 4295 1206 4345 studio
1229 4296 1320 4346 Cicero
1346 4295 1407 4359 ipse

292 4365 358 4416 dixit
371 4368 400 4415 in
414 4368 506 4425 Bruto,
522 4368 575 4425 152,
592 4371 618 4415 et
634 4367 663 4416 in
679 4366 833 4430 Philippica
850 4366 892 4425 lll,
910 4367 939 4415 10
955 4380 1014 4430 sqq.

322 4438 354 4499 (3)
373 4439 447 4487 Hane
464 4438 554 4502 ipsam
568 4437 772 4487 distinctionem
788 4438 878 4486 Cicero
893 4437 958 4487 iacit
969 4439 999 4486 in
1013 4438 1105 4497 Bruto,
1119 4440 1164 4487 326
1184 4439 1206 4501 (α
1223 4438 1406 4491 sententiae...

292 4510 338 4557 aut
348 4511 517 4559 necessariae
528 4511 576 4559 aut
589 4509 725 4559 interdum
738 4510 820 4559 utiles
836 4510 869 4572 a).

323 4580 355 4641 (l)
371 4582 399 4630 et
413 4580 447 4643 (6)
462 4578 500 4630 uf.
521 4581 572 4628 Pro
587 4581 712 4641 Murena,
728 4583 766 4630 48.

322 4650 353 4713 (5)
369 4650 407 4700 Cl.
425 4653 509 4710 Brut,
525 4652 649 4700 roa-209:
664 4678 695 4687 -
705 4652 778 4701 idem
793 4650 845 4701 dici
860 4653 950 4716 potest
964 4650 996 4702 de
1008 4650 1132 4715 pluribus
1145 4652 1209 4703 aliis
1221 4652 1319 4711 causis,
1336 4664 1405 4714 quos

291 4720 379 4772 Cicero
395 4721 469 4781 dixit,
486 4723 598 4772 -sieut
611 4722 643 4773 de
658 4724 738 4774 Sestii
752 4738 843 4774 causa.
