3742 5167
1604 1219 1891 1303 PARS
1963 1219 1996 1299 I

770 1421 932 1497 Quid
993 1421 1074 1488 de
1131 1420 1543 1504 philosophia
1591 1418 1672 1484 ad
1714 1418 2072 1485 oratorium
2119 1400 2313 1482 usum
2365 1413 2824 1499 cognoscenda

1277 1536 1354 1601 M.
1386 1534 1636 1601 Tullius
1663 1533 1960 1599 sensisse
1992 1530 2315 1597 videatur.

1608 1941 1903 2010 CAPUT
1950 1941 1983 2009 Ι

678 2137 858 2216 Quas
875 2133 1174 2200 rationes
1196 2132 1524 2200 latissime
1547 2145 1852 2222 patentes
1879 2132 1963 2198 de
1986 2132 2112 2200 hac
2132 2131 2613 2221 philosophiae
2638 2154 2903 2219 coquos-

760 2242 1005 2308 cendae
1034 2240 1334 2308 utilitate
1363 2244 1453 2307 M.
1496 2239 1750 2307 Tullius
1788 2239 1863 2306 in
1893 2232 2040 2307 suis'
2064 2268 2093 2301 «
2127 2239 2438 2307 oratoriis
2466 2238 2653 2307 libris
2680 2268 2710 2302 »
2746 2262 2903 2328 pro-

762 2347 1019 2416 tulerit.

761 2576 1104 2657 Quoniam
1144 2576 1312 2645 ordo
1372 2600 1635 2663 rerum,
1719 2600 1897 2668 quae
1939 2578 2134 2646 nobis
2204 2579 2649 2670 explicandae
2716 2586 2903 2661 sunt,

670 2686 763 2752 ita
803 2683 1189 2774 descriptus
1216 2690 1343 2770 est,
1373 2692 1447 2752 ut
1482 2687 1787 2774 primum
1828 2708 2344 2775 quaereremuS,
2370 2693 2711 2772 quatenus
2762 2689 2903 2776 qui-

672 2789 941 2881 busque
979 2790 1062 2858 de
1099 2790 1482 2858 rationibus
1517 2791 2037 2881 philosophiam
2117 2793 2198 2860 ad
2264 2795 2645 2861 oratorium
2696 2816 2903 2859 usum

669 2897 1220 2987 cognoscendam
1261 2921 1411 2965 esse
1443 2899 1531 2964 M.
1575 2898 1848 2966 Tullius
1880 2900 2253 2978 censuerit,
2302 2901 2589 2966 minime
2620 2899 2903 2987 quidem

669 3004 983 3071 involuta
1012 3006 1237 3094 prima
1279 3003 1494 3093 hujus
1514 3010 1792 3071 nostrae
1824 3006 2300 3094 inquisitionis
2340 3007 2634 3073 materia
2691 3012 2898 3087 esset,

670 3112 728 3177 si
776 3110 977 3178 nobis
1032 3111 1142 3178 vel
1207 3110 1692 3179 tantummodo
1752 3111 1857 3177 vel
1910 3113 2279 3200 praecipue
2338 3112 2487 3200 ejus
2541 3112 2726 3192 libri,
2784 3113 2903 3201 qui

673 3220 918 3286 Orator
945 3219 1374 3301 inscribitur,
1423 3220 1592 3286 ratio
1642 3224 1824 3286 esset
1863 3217 2200 3297 habenda,
2251 3258 2329 3268 —
2361 3220 2620 3308 quippe
2653 3220 2725 3284 in
2767 3241 2903 3308 quo

667 3325 750 3394 de
784 3327 908 3393 hac
935 3328 1337 3416 quaestione
1370 3334 1601 3393 noster
1641 3336 1880 3393 auctor
1918 3326 2352 3415 planissime,
2418 3333 2753 3414 tanquam
2821 3324 2903 3393 de

668 3456 739 3501 re
772 3434 888 3500 vix
907 3440 1374 3509 controversa,
1428 3435 1846 3501 sententiam
1879 3455 2076 3500 suam
2102 3432 2635 3522 exposuerit(1).
2660 3431 2794 3499 Sed
2825 3455 2903 3499 ea

667 3563 944 3630 quoque
985 3539 1416 3630 respicienda
1464 3547 1648 3622 sunt,
1684 3563 1860 3630 quae
1902 3540 2085 3607 idem
2125 3540 2208 3608 de
2238 3540 2477 3608 eadem
2501 3541 2903 3629 quaestione

667 3647 931 3736 aliquot
954 3655 1110 3713 ante
1143 3647 1342 3713 annis
1377 3647 1449 3712 in
1489 3647 1628 3712 illis
1667 3646 1748 3712 de
1785 3647 2068 3713 Oratore
2099 3646 2297 3713 libris
2336 3647 2784 3727 disseruerat,
2818 3686 2903 3695 —

668 3754 1020 3822 interdum
1071 3776 1196 3819 suo
1236 3754 1517 3820 nomine
1544 3754 1837 3844 loquens
1881 3753 1993 3843 (2),
2041 3756 2317 3843 saepius
2358 3776 2481 3844 per
2547 3754 2715 3820 alias
2748 3776 2902 3843 per-

667 3884 871 3929 sonas
911 3873 1083 3950 qu'as
1115 3861 1297 3927 inter
1319 3882 1389 3926 se
1412 3860 1886 3949 colloquentes
1927 3859 2236 3927 induxit:
2276 3858 2528 3948 quibus
2570 3882 2652 3927 ex
2703 3860 2903 3925 libris

665 3968 1038 4057 separatim
1065 3966 1516 4033 consideratis
1562 3968 1868 4055 primum
1911 3965 2435 4055 dijudicandum
2489 3967 2642 4046 erit,
2694 3988 2903 4055 quam

669 4075 1111 4164 potissimum
1154 4075 1570 4141 sententiam
1620 4081 1785 4140 tunc
1828 4074 2050 4141 videri
2113 4095 2311 4140 suam
2368 4073 2692 4141 voluerit.
2770 4071 2903 4151 Qui

666 4183 853 4248 enim
893 4187 1203 4247 extrema
1239 4180 1538 4248 Oratoris
1570 4187 1762 4270 parte
1795 4182 1943 4269 ipse
1986 4179 2339 4268 professus
2387 4185 2516 4263 est,
2560 4202 2653 4258 se,
2744 4201 2903 4244 cum

665 4290 735 4355 in
763 4287 918 4355 aliis
955 4326 1034 4337 -
1067 4294 1134 4354 et
1156 4287 1434 4377 quidem
1462 4288 1571 4355 vel
1606 4316 1636 4349 «
1679 4287 2000 4353 maximis
2041 4314 2067 4347 »
2104 4326 2185 4335 -
2220 4285 2637 4371 rebuS‚tum‚
2672 4286 2744 4350 in
2776 4286 2900 4356 eis,

667 4417 843 4484 quae
911 4394 994 4461 de
1026 4416 1301 4461 summa
1366 4395 1658 4461 oratoris
1685 4394 1913 4483 specie
1952 4392 2349 4473 dissereret,
2397 4393 2570 4459 nihil
2625 4392 2903 4457 firmius

727 4615 790 4675 (1)
821 4616 892 4663 De
924 4613 1124 4678 quibus
1156 4612 1289 4662 locis
1320 4610 1429 4673 (Or.
1455 4613 1614 4672 11-19,
1639 4608 1866 4670 113-120)
1901 4606 2056 4670 plura
2091 4602 2234 4652 infra
2269 4604 2533 4656 dicentur.

727 4689 794 4746 (2)
830 4686 888 4733 In
917 4686 1214 4750 prooemiis
1235 4682 1499 4733 librorum
1520 4683 1540 4730 1
1565 4686 1616 4732 et
1637 4683 1701 4730 11.
