3742 5167
1917 534 2241 599 ..16-

965 728 996 762 «
1043 700 1211 782 lum,
1244 700 1496 789 inquit,
1522 698 1911 768 arbitrabar
1940 722 1979 765 a
2016 720 2128 766 me
2158 696 2522 781 informari
2593 700 2935 785 oportere,
2972 694 3199 785 qualis

965 833 995 869 «
1048 829 1198 875 esse
1225 815 1456 897 posset
1479 808 1562 887 is,
1594 807 1716 897 qui
1737 806 2083 874 habitaret
2106 806 2178 872 in
2200 803 2549 873 subselliis
2579 823 2803 891 neque
2818 800 3198 891 quidquam

965 943 992 975 «
1038 913 1341 1002 amplius
1366 913 1843 1003 afferet,quam
1871 912 2053 1002 quod
2086 932 2454 980 causarum
2488 909 2861 976 necessitas
2894 907 3197 997 postula-

962 1049 995 1082 «
1050 1027 1150 1088 ret
1181 1043 1195 1103 ;
1232 1021 1346 1088 sed
1400 1019 1624 1110 majus
1667 1017 1997 1108 quiddam
2035 1017 2379 1099 videbam,
2424 1036 2583 1081 cum
2623 1012 2991 1081 censebam
3038 1035 3197 1081 ora-

961 1156 992 1189 «
1037 1134 1287 1206 torem,
1322 1126 1730 1217 praesertim
1752 1126 1820 1191 in
1842 1131 2081 1192 nostra
2103 1124 2483 1215 republica,
2516 1121 2777 1189 nullius
2808 1121 3197 1189 ornamenti

964 1262 996 1297 «
1049 1240 1407 1324 expertem
1449 1256 1599 1301 esse
1642 1239 1990 1323 oportere.
2040 1261 2071 1295 »

2044 1672 2134 1737 11'

1049 1941 1306 2015 Restat,
1344 1944 1421 2004 ut
1461 1961 1880 2028 quaeramus
1912 1937 1994 2006 de
2020 1939 2190 2028 ipsis
2232 1937 2641 2025 rationibUS,
2664 1961 2836 2028 quas
2865 1938 3192 2005 Crassum

959 2046 1044 2114 ad
1113 2046 1724 2117 demonstrandam
1771 2045 2258 2136 philosophiae
2320 2046 2692 2113 utilitatem
2761 2046 3191 2125 afferentem,

959 2154 1346 2220 Antonium
1427 2160 1664 2221 autem
1744 2152 2183 2220 refellentem
2241 2151 2548 2219 vidimus
2593 2173 2607 2221 :
2654 2152 2779 2220 has
2855 2153 3196 2219 nimirum

960 2260 1290 2341 rationeS‚
1323 2299 1412 2309 —
1438 2282 1737 2349 quarum
1765 2259 2055 2326 alteram
2096 2257 2182 2324 ad
2212 2259 2609 2324 animorum
2646 2265 2877 2325 motus
2920 2261 3197 2347 penitus

898 2374 908 2384 ’
961 2368 1470 2457 pernoscendos
1560 2373 1871 2455 spectare
1979 2363 2605 2433 animadvertimus
2642 2418 2657 2449 ,
2734 2363 3025 2431 alteram
3109 2365 3195 2432 ad

959 2472 1404 2539 arcessendos
1449 2495 1488 2538 a
1530 2471 1974 2561 philosophia
2025 2477 2249 2538 certos
2292 2472 2466 2538 locos
2521 2469 2889 2560 ejusmodi,
2945 2473 3067 2560 qui
3125 2473 3196 2539 in

959 2579 1250 2646 dicendo
1290 2601 1495 2667 saepe
1537 2579 1844 2645 incidere
1887 2578 2188 2644 solerent
2216 2578 2341 2668 (1),
2377 2617 2461 2626 —
2516 2580 2573 2645 si
2605 2577 2686 2645 ad
2718 2578 2901 2644 hunc
2936 2578 3195 2645 medio-

959 2708 1174 2774 crem,
1206 2684 1288 2751 de
1335 2708 1471 2775 quo
1530 2685 1870 2774 loquitur,
1920 2691 2267 2751 oratorem
2330 2685 2504 2751 nihil
2559 2684 2789 2751 valere
2848 2686 3196 2751 Antonius

962 2799 1142 2859 recte
1201 2790 1618 2859 contendere
1673 2793 1898 2881 potuit
1944 2792 2229 2879 (2)‚non
2274 2792 2443 2858 satis
2498 2799 2809 2880 apparet,
2846 2791 3194 2880 quomodo

959 2898 1044 2966 ad
1085 2898 1286 2964 illum
1330 2920 1715 2986 summum,
1757 2921 1969 2988 quem
2025 2899 2317 2965 Crassus
2354 2899 2691 2976 intuetur,
2736 2899 3016 2965 eaedem
3075 2922 3195 2987 po—

957 3007 1098 3073 tius
1143 3006 1556 3094 pertineant.
1594 3006 1837 3095 Itaque
1878 3028 2011 3072 non
2052 3006 2371 3092 ‘alienum
2412 3007 2567 3085 erit,
2625 3007 2859 3072 statim
2895 3006 3197 3073 breviter

960 3113 1372 3198 describere,
1393 3138 1516 3204 per
1547 3137 1755 3204 quem
1787 3137 2024 3182 rerum
2050 3136 2455 3204 processum
2478 3136 2777 3203 ea‚quae
2806 3118 2959 3202 post
2984 3113 3194 3202 primi

959 3220 1121 3287 libri
1155 3222 1364 3295 finem
1402 3222 1474 3288 in
1516 3222 1781 3290 incerto
1839 3222 2081 3290 relicta
2142 3222 2360 3289 videri
2422 3220 2797 3311 potuerint,
2844 3240 2967 3308 per
3021 3220 3195 3285 infe-

959 3329 1174 3395 riores
1215 3328 1428 3395 libros
1469 3328 1551 3395 ad
1590 3330 1958 3396 clariorem
1996 3328 2225 3396 lucem
2266 3326 2561 3411 adducta
2601 3328 2760 3393 sint.

1047 3436 1226 3501 Nam
1247 3436 1391 3524 ipse
1410 3437 1783 3516 Antonius,
1811 3437 1929 3525 qui
1952 3457 2130 3501 vana
2159 3456 2238 3501 ea
2259 3456 2410 3501 esse
2432 3434 2781 3515 clamavit,
2804 3456 2979 3523 quae
3005 3434 3197 3500 Cras-

865 3592 868 3595 ·
959 3565 1076 3608 sus
1111 3542 1204 3632 (3)
1251 3569 1283 3605 «
1326 3542 1410 3609 de
1464 3544 1733 3609 naturis
1762 3542 2151 3621 hominum,
2188 3540 2270 3607 de
2311 3540 2651 3619 moribuS,
2685 3539 2768 3607 de
2809 3538 3195 3607 rationibus

958 3650 1082 3731 εἰς,
1133 3650 1388 3739 quibus
1434 3672 1676 3716 eorum
1727 3656 1996 3721 mentes
2044 3656 2111 3715 et
2141 3649 2602 3717 incitarentur
2632 3656 2696 3716 et
2740 3649 3196 3737 reprimeren-

956 3908 1016 3956 ut
1046 3905 1358 3953 Ciceronem
1387 3903 1587 3967 ipsum,
1616 3901 1756 3966 quod
1788 3902 1845 3949 in
1874 3901 1999 3950 libri
2029 3902 2349 3965 [prooemio
2377 3914 2475 3949 suo
2514 3898 2736 3949 nomine
2783 3896 3107 3961 proferebat,
3140 3896 3191 3945 id

957 3978 1015 4026 in
1043 3976 1167 4026 libri
1197 3976 1243 4023 ΙΙ
1274 3974 1553 4038 prooemio
1583 3975 1647 4036 (5)
1679 3976 1944 4037 tanquam
1986 3986 2197 4035 semper
2225 3973 2497 4036 integrum
2544 3985 2717 4035 neque
2752 3970 2864 4020 ullo
2891 3968 3057 4019 modo
3104 3982 3198 4032 per

957 4047 1220 4110 ancipites
1251 4046 1413 4109 primi
1442 4045 1565 4094 libri
1610 4044 2000 4108 disputationes
2027 4044 2379 4093 imminutum
2410 4058 2510 4093 sua
2534 4044 2731 4091 iterum
2758 4042 3079 4091 auctoritate
3119 4037 3195 4089 sic

957 4118 1376 4169 confirmantem
1396 4116 1740 4165 inveniamus
1770 4133 1781 4164 :
1817 4136 1839 4160 «
1871 4116 2150 4165 neminem
2173 4115 2486 4177 eloquentia
2516 4128 2627 4164 non
2650 4113 2813 4162 modo
2837 4113 2954 4162 sine
2982 4110 3196 4162 dicendi

958 4190 1221 4247 doctrina,
1244 4188 1337 4237 sed
1372 4202 1440 4237 ne
1468 4188 1585 4237 sine
1618 4188 1770 4236 omni
1799 4186 2020 4251 quidem
2050 4187 2316 4251 sapientia
2349 4186 2534 4236 florere
2559 4198 2802 4249 unquam
2847 4187 2899 4234 et
2923 4186 3196 4248 praestare

955 4260 1203 4325 potuisse
1231 4280 1277 4309 ιι.

1021 4332 1084 4393 (1)
1122 4330 1196 4380 Cf.
1222 4344 1402 4393 supra,
1425 4344 1478 4393 p.
1505 4331 1555 4377 11
1600 4329 1670 4392 (n.
1705 4330 1780 4392 Ἰ).

1019 4404 1095 4465 ΚΞ)
1123 4402 1306 4465 Neque
1328 4401 1473 4450 enim
1503 4400 1682 4459 refert,
1710 4400 2054 4450 Antonium«
2089 4414 2189 4449 sua
2212 4399 2443 4449 mirifica
2470 4398 2536 4448 ad
2566 4398 2924 4448 refellendum
2964 4408 3193 4445 consue-

957 4472 1142 4522 tudine
1176 4492 1197 4515 »
1223 4473 1305 4521 uti
1325 4472 1529 4521 maxim
1550 4471 1824 4521 evoluisse
1857 4471 2019 4535 (quod
2041 4475 2093 4521 et
2112 4470 2335 4520 Crassus
2367 4472 2628 4534 suspicari
2660 4484 2715 4519 se
2742 4470 2833 4530 ait,
2867 4470 2905 4528 I,
2920 4470 3028 4527 263,
3060 4494 3120 4503 —
3146 4468 3198 4515 et

956 4545 1224 4593 Antonius
1255 4544 1386 4607 ipse,
1442 4544 1509 4605 11,
1543 4545 1621 4602 40,
1672 4543 1779 4593 fere
1811 4543 2071 4606 fatetur):
2127 4544 2245 4605 ejus
2284 4544 2605 4606 argumenta
2635 4556 2793 4593 suam
2846 4540 2957 4589 vim
3008 4552 3104 4602 per
3134 4552 3192 4586 se

959 4615 1286 4675 hahuerunt,
1319 4628 1483 4677 quam
1515 4616 1738 4665 Crassus
1762 4614 2155 4678 praetereundo
2191 4628 2303 4663 non
2324 4614 2501 4677 fregit.

1021 4688 1086 4750 (3)
1121 4687 1268 4737 Sicut
1295 4688 1476 4737 Cicero
1503 4700 1602 4737 suo
1632 4687 1855 4736 nomine
1886 4686 2117 4750 loquens
2142 4686 2200 4735 in
2229 4685 2527 4749 prooem10‚
2553 4685 2591 4745 I,
2617 4686 2693 4735 17.
