3742 5167
1789 478 2142 543 „74-

849 648 1012 739 jure
1059 670 1097 715 a
1138 652 1394 714 natura
1427 647 1580 735 ipsa
1623 645 2055 735 praescripto
2128 645 2549 733 generaliter
2601 685 2689 694 —
2746 652 2812 711 et
2864 644 3089 735 splen·

861 754 1022 823 dide
1060 754 1348 844 quidem
1386 792 1469 802 —
1521 752 1759 819 Cicero
1799 752 2133 819 disseruit
2182 751 2298 841 (1).
2336 752 2511 818 Nam
2556 752 2638 819 de
2676 752 2906 820 causis
2937 752 3088 842 ejus

862 863 1138 952 generis
1171 862 1324 951 ipse
1356 866 1537 927 recte
1569 858 2194 943 animadvertebat,
2231 886 2262 921 «
2313 881 2517 949 quae,
2569 882 2728 926 cum
2778 858 2863 927 de
2914 861 3089 927 facto

859 992 997 1037 non
1051 967 1469 1057 ambigatur,
1502 974 1935 1056 quaerantur
1973 966 2207 1056 qualia
2253 966 2392 1033 sint
2433 968 2555 1053 (2),
2593 989 2674 1032 ea
2713 966 2771 1032 si
2821 988 2905 1033 ex
2952 966 3091 1033 reis

858 1098 1214 1155 numereS,
1271 1081 1339 1141 et
1398 1074 1940 1141 innumerabilia
1977 1096 2130 1141 esse
2170 1080 2239 1140 et
2270 1072 2591 1156 obscura,
2644 1074 2700 1139 si
2741 1097 2822 1139 ex
2861 1072 3088 1155 rebUS,

861 1182 1059 1250 valde
1099 1188 1167 1249 et
1214 1180 1489 1248 modica
1523 1188 1591 1248 et
1629 1181 1935 1247 illustria
1969 1181 2059 1271 (3)
2102 1210 2160 1266 η.
2196 1219 2284 1230 -—
2323 1181 2566 1270 Neque
2604 1202 2768 1247 vero
2799 1181 2957 1246 talis
2988 1180 3086 1245 di-

857 1290 1178 1359 latandae
1218 1287 1742 1378 disceptationis
1775 1287 2103 1368 formula,
2139 1288 2308 1377 quia
2345 1309 2496 1354 eam
2524 1286 2645 1362 illa
2677 1313 2708 1347 «
2752 1287 3089 1353 constitu·

859 1400 957 1467 tio
998 1395 1557 1487 conjecturalis»
1591 1396 1744 1484 ipsa
1776 1401 2060 1483 propter
2100 1416 2174 1461 se
2204 1395 2277 1461 in
2318 1416 2592 1460 summa
2622 1415 2758 1459 non
2802 1394 3092 1484 recipie-

864 1506 998 1591 bat,
1055 1505 1311 1572 idcirco
1351 1502 1436 1569 ab
1491 1500 1640 1590 ejus
1680 1503 1959 1589 generis
1997 1502 2232 1568 causis
2288 1500 2384 1590 (4)
2426 1500 2969 1568 excludebatur:
3022 1502 3093 1567 in

861 1613 990 1679 has
1053 1611 1265 1679 etiam
1307 1608 1657 1676 introduci
1697 1614 1995 1698 poterat,
2066 1630 2201 1675 non
2270 1606 2478 1675 modo
2546 1630 2669 1696 per
2720 1630 2837 1674 eos
2904 1606 3091 1675 locos

861 1717 1281 1805 conjecturae
1334 1718 1653 1807 proprios
1696 1714 1780 1782 de
1821 1715 2083 1804 quibus
2123 1722 2271 1804 jam
2303 1714 2611 1782 diximus
2652 1737 2967 1805 quosque
3007 1715 3089 1783 ad

860 1826 1186 1894 eumdem
1216 1822 1692 1914 amplificandi
1729 1821 2018 1889 modum
2058 1824 2403 1911 pertinere
2436 1823 2670 1889 Cicero
2710 1822 2861 1911 ipse
2912 1822 3089 1889 indi-

859 1933 1040 2000 cavit
1084 1932 1205 2022 (5),
1244 1930 1363 1997 sed
1423 1931 1628 1997 etiam
1664 1929 1722 1993 si
1762 1949 1899 2016 qua
1950 1928 2141 2017 forte!
2174 1929 2523 1995 variarum
2581 1951 2841 2009 rerum,
2885 1952 3096 2019 quae-

859 2061 1162 2128 cumque
1185 2060 1306 2127 per
1329 2058 1811 2126 quascumque
1843 2058 2094 2103 causae
2115 2042 2344 2124 partes
2374 2046 2845 2121 occurrerent,
2882 2036 3093 2125 digna
3176 2095 3180 2099 .

860 2144 1240 2226 videretur,
1285 2145 1350 2210 in
1396 2165 1534 2232 qua
1580 2143 1799 2209 oratio
1840 2141 2164 2210 haereret
2197 2149 2264 2209 et
2298 2143 2585 2232 paulum
2626 2165 3093 2211 commorare-

863 2257 992 2318 tur.
1034 2251 1120 2317 Et
1150 2251 1361 2319 talem
1395 2237 1681 2339 quidem
1714 2249 1805 2316 rei
1848 2249 2207 2337 augendae
2248 2250 2590 2316 rationem
2632 2272 2837 2317 omne
2876 2273 3097 2340 genus

859 2379 1230 2424 causarum
1263 2355 1695 2435 admittebat,
1742 2358 2159 2444 praesertim
2195 2378 2356 2423 cum
2403 2379 2482 2422 ea
2541 2356 2777 2444 plures
2842 2359 3095 2448 ampli-

862 2465 1130 2533 tudinis
1201 2464 1459 2555 gradus
1524 2464 1810 2531 haberet
1839 2517 1853 2546 ,
1926 2467 2071 2534 sive
2151 2487 2531 2555 paucarum
2601 2465 3093 2553 tantummodo

863 2572 1369 2641 sententiarum
1410 2569 1970 2653 inserendarum,
2020 2573 2415 2640 sive'latius
2448 2571 2859 2638 excurrendi
2908 2594 3099 2639 occa-

865 2682 1133 2747 sionem
1161 2686 1398 2746 orator
1425 2678 1960 2766 arriperet-Sic,
1994 2683 2234 2746 noster
2261 2687 2520 2758 orator,
2565 2717 2635 2726 -
2678 2700 2838 2744 cum
2877 2679 3099 2744 Mure·

867 2809 1028 2852 nam
1071 2784 1377 2852 ambitus
1409 2790 1812 2852 accusatum
1845 2783 2225 2852 defendens
2278 2787 2429 2875 ipsa
2494 2790 2881 2876 tripertitae
2920 2790 3096 2856 divi-

865 2893 1082 2958 sionis
1141 2892 1235 2982 (6)
1300 2890 1763 2981 explicatione
1837 2890 2328 2972 adduceretur,
2413 2901 2483 2960 ut
2548 2895 2860 2985 Sulpicio
2912 2896 3095 2985 juris

862 3000 1094 3066 civilis
1126 2998 1437 3065 studium
1477 3019 1641 3087 prae
1669 3019 1740 3064 se
1768 2998 2022 3066 ferenti
2047 2999 2425 3066 militarem
2461 3002 2788 3069 Murenae
2821 3002 3097 3070 laudem

861 3097 1265 3194 opponeret,
1332 3144 1413 3153 -
1459 3133 1486 3165 «
1557 3104 1919 3192 dignitatis
1966 3108 2413 3174 contentione
2471 3111 2557 3194 (7)
2628 3141 2654 3169 »
2700 3133 2739 3175 a
2787 3111 3092 3199 propriis

860 3212 1175 3301 personis
1200 3214 1278 3277 ad
1317 3214 1504 3298 ipsas
1534 3218 1720 3277 artes
1741 3213 2162 3299 generaliter
2183 3216 2652 3282 consideratas
2675 3216 3094 3284 traducenda

865 3325 1074 3406 atque
1116 3317 1518 3406 eloquentia
1569 3317 1780 3383 etiam
1821 3318 1892 3383 in
1956 3318 2131 3386 hanc
2192 3321 2449 3386 artium
2498 3324 3097 3409 comparationem

866 3423 1373 3491 introducenda
1415 3424 1546 3490 late
1579 3424 1870 3512 fuseque
1912 3431 2210 3513 vagatus
2245 3432 2349 3493 est
2380 3428 2499 3516 (8),
2533 3428 2840 3516 ,proinde
2895 3430 3097 3518 quasi

925 3624 992 3685 (1)
1017 3622 1302 3681 P.Milone,
1327 3625 1443 3672 7-11
1467 3621 1574 3683 ;Cf.
1588 3624 1664 3671 De
1685 3622 1911 3686 Leqz'b.l,
1926 3638 2062 3688 quae
2085 3624 2148 3674 de
2170 3626 2289 3687 jure
2309 3628 2503 3676 natura
2522 3627 2815 3676 constituto
2829 3626 3097 3676 dicuntur.

929 3697 996 3756 (2)
1034 3695 1270 3743 Per-hoc
1304 3714 1326 3738 «ι
1359 3693 1516 3757 quale
1570 3694 1687 3741 sit»
1721 3693 1903 3743 Cicero
1944 3697 2389 3747 constitutionem
2444 3697 2749 3760 yeneralem
2798 3697 2874 3758 (id
2927 3701 3008 3747 est
3035 3697 3099 3747 de

867 3766 1157 3827 aequitate)
1186 3764 1406 3813 definire
1437 3761 1590 3814 Solet.
1623 3763 1699 3813 Cf.
1728 3779 1893 3828 supra
1912 3781 1963 3829 p.
1997 3770 2073 3825 73,
2100 3782 2152 3815 n.
2187 3770 2213 3816 5
2248 3784 2260 3829 ;
2284 3771 2336 3817 et
2365 3770 2440 3817 De
2469 3769 2555 3818 Or.
2590 3770 2656 3829 ll,
2683 3772 2786 3817 106.

932 3836 997 3899 (3)
1024 3836 1101 3884 De
1136 3842 1220 3883 Ur.
1257 3837 1320 3896 ll,
1366 3839 1472 3885 137.
1499 3862 1557 3872 —
1579 3836 1840 3897 Ejusdem
1869 3838 2082 3900 generis
2110 3840 2514 3902 atqueMilonis
2541 3855 2708 3890 causa
2732 3840 2909 3890 fuerat
2937 3854 3102 3891 causa

866 3906 922 3954 C.
955 3906 1175 3955 Rabirii.

934 3978 1001 4039 (4)
1032 3976 1353 4026 Praesertim
1384 3990 1508 4025 cum
1556 3975 1670 4024 fieri
1700 3981 1890 4039 posset
1918 3981 1977 4027 ut
2015 3993 2125 4028 una
2154 3994 2319 4029 causa
2371 3981 2437 4031 ad
2468 3982 2655 4045 plures
2686 3984 3101 4031 constitutiones

869 4047 1035 4095 simul
1062 4048 1369 4109 pertineret.
1394 4046 1470 4095 Cf.
1502 4047 1579 4095 De
1601 4047 1804 4096 Invent.
1842 4050 1879 4107 l,
1913 4052 2007 4111 143
2039 4050 2101 4110 ll,
2138 4052 2194 4098 12
2227 4066 2239 4111 3
2276 4053 2470 4101 Partit.
2505 4067 2601 4110 or„
2639 4054 2722 4099 101
2759 4055 2799 4109 (α
2828 4054 2874 4101 si
2920 4053 3101 4117 plures

869 4131 982 4166 non
1013 4131 1239 4179 queas..
1274 4120 1337 4178 »).

934 4190 999 4249 (5)
1041 4189 1110 4235 De
1145 4188 1232 4236 Or.
1266 4188 1330 4245 ll,
1366 4190 1574 4237 134-135
1605 4205 1614 4236 :
1643 4208 1664 4236 u
1698 4189 1850 4238 nulla
1880 4189 2110 4253 denique
2142 4196 2226 4241 est
2266 4207 2512 4251 causa...‚
2546 4195 2645 4241 etc.
2694 4193 2830 4252 Quin
2857 4195 3018 4242 etiam
3048 4195 3103 4241 in

870 4259 946 4306 eis
974 4260 1107 4321 ipsis
1138 4260 1320 4308 causis
1372 4258 1467 4307 ubi
1497 4258 1560 4308 de
1606 4259 1748 4309 facto
1795 4261 2170 4323 ambigitur...,
2204 4265 2305 4312 etc.
2344 4265 2438 4325 (cf.
2474 4280 2526 4329 p.
2560 4267 2635 4322 72,
2679 4278 2736 4313 n.
2775 4268 2841 4324 8).
2869 4293 2928 4300 -
2956 4264 3101 4314 ldem

869 4333 1093 4379 notatur
1122 4344 1154 4378 a
1189 4330 1538 4389 Quintilian0‚
1570 4330 1748 4379 Instit.
1773 4336 1932 4388 orac„
1965 4334 2025 4391 X,
2054 4334 2097 4391 ὃ,
2124 4336 2198 4381 10.

933 4401 1001 4459 (6)
1030 4398 1105 4448 Cf.
1133 4401 1193 4447 P.
1224 4400 1470 4457 Murena,
1501 4402 1554 4446 11
1579 4413 1591 4447 :
1612 4400 1707 4449 ubi
1738 4404 1848 4449 tres
1882 4405 2244 4453 accusationis
2275 4408 2455 4467 partes
2483 4405 2561 4455 ita
2581 4405 2901 4469 distinguit:
2925 4420 3103 4471 repre—

871 4470 1196 4519 hensionem
1226 4471 1386 4529 vitae,
1419 4472 1824 4521 contentionem
1855 4472 2154 4536 dignitatiS,
2190 4476 2419 4525 crimina
2444 4477 2702 4526 ambitus,

945 4542 1008 4603 (Ἶ)
1041 4542 1117 4589 Ea
1147 4540 1384 4590 secunda
1411 4555 1534 4604 pars
1567 4543 1863 4605 explicatur
1895 4546 1951 4592 15
1978 4558 2097 4607 sqq.

940 4612 1004 4672 (8)
1040 4613 1099 4659 Ρ.
1131 4612 1292 4668 Mur„
1316 4613 1460 4658 22-31
1488 4611 1569 4675 (de
1601 4614 1926 4675 eloquentia,
1960 4616 2055 4676 29).

3677 965 3717 1241 -Ψμᾷ

3715 3794 3716 3800 ⁴
3675 3679 3717 3780 *Q-
