3742 5167
1762 492 2151 557 -104-

927 665 1051 729 Fer
1079 661 1343 729 ffioicos
1401 662 1619 751 igitur
1658 661 1757 727 sic
1797 658 2253 743 efficiebatur,
2298 666 2492 728 utne
2543 667 2693 728 tum
2750 662 3062 751 quidem,

833 793 987 833 euni
1043 769 1120 833 dn
1147 768 1383 858 populi
1418 768 1689 834 romani
1728 767 2059 834 felicitate
2110 766 2334 857 deque
2381 766 2671 834 deorum
2712 769 3071 838 immorta-

835 877 1003 941 lium
1039 905 1063 932 υ,
1095 897 1367 941 summo
1395 898 1560 965 erga
1582 897 1744 941 eum
1784 896 2019 941 amore
2056 902 2083 934 »
2124 873 2219 961 (1)
2262 874 2629 964 popularia
2658 860 3072 965 simpliciter

839 985 1119 1057 diceret.
1175 981 1256 1049 ab
1334 983 1526 1050 omni
1589 980 2169 1071 philosophorum
2229 982 2491 1049 ratione
2557 989 2793 1050 noster
2840 990 3073 1051 orator

839 1093 1075 1157 :iiiii-sse
1111 1089 1240 1157 sibi
1272 1088 1489 1157 videri
1523 1095 1780 1179 posset.
1826 1090 2067 1177 Neque
2100 1088 2419 1155 videlicet
2470 1090 2746 1156 nescius
2787 1098 2957 1172 erat,
2997 1130 3068 1141 -

839 1221 995 1265 enni
1035 1201 1095 1261 in
1143 1196 1452 1262 oratione
1474 1195 1556 1263 de
1581 1196 1878 1263 Catilina
1903 1194 1987 1262 ad
2021 1195 2358 1284 populum
2391 1194 2628 1262 habita
2656 1196 2741 1285 (2)
2772 1197 3071 1281 doceret,

843 1329 943 1377 ea,
1011 1325 1183 1389 quae
1258 1303 1343 1370 ad
1410 1302 2027 1392 deprehendendos
2085 1303 2587 1391 conjurationis
2645 1305 2865 1371 socios
2928 1306 3077 1394 ipse

843 1410 1495 1490 administravisset,
1552 1410 1835 1476 nonnisi
1891 1440 1917 1470 «
1986 1409 2275 1476 deorum
2341 1410 2847 1477 immortalium
2902 1417 3077 1478 nutu

843 1525 1047 1605 alqui*
1075 1516 1360 1583 consilio
1395 1543 1425 1577 ›>
1461 1518 1609 1606 geri
1643 1516 1977 1605 potuisse,
2006 1514 2215 1605 idque
2242 1513 2571 1604 prodigiis
2593 1522 2800 1605 atque
2832 1515 3081 1583 harus-

847 1629 1075 1713 picum
1155 1623 1506 1712 responsis
1574 1621 2068 1690 enumerandis
2147 1622 2613 1701 confirmaret,
2704 1662 2779 1671 -—
2854 1624 3077 1712 ipsam

851 1733 1103 1797 stuic-ae
1171 1729 1252 1797 de
1318 1735 1568 1797 natura
1629 1729 1919 1796 deorum
1997 1727 2271 1796 scholae
2345 1729 2907 1818 progressionem
2978 1730 3074 1820 (3)

851 1841 1043 1929 iii-,insi
1071 1837 1315 1905 ducem
1344 1837 1503 1904 talis
1534 1835 2059 1925 componendae
2096 1837 2389 1903 rationis
2431 1859 2502 1903 se
2541 1835 2817 1905 habere.
2858 1841 3083 1926 Atque

855 1969 971 2033 pei·
1007 1945 1344 2010 similium
1386 1966 1623 2011 rerum
1654 1944 2186 2032 explicationem
2246 1944 2318 2009 in
2356 1943 2636 2010 Milonis
2682 1944 3087 2011 defensione

855 2053 931 2117 :iii
1007 2049 1318 2117 eamdem
1385 2050 1608 2137 ipsam
1667 2077 1697 2109 «
1763 2049 2073 2115 scholam
2148 2076 2178 2111 »
2240 2035 2495 2117 iterum
2538 2051 3086 2139 expromendam

859 2157 1191 2221 admetus
1243 2162 1370 2240 est,
1415 2176 1627 2245 quam
1669 2156 1737 2221 in
1785 2156 2100 2222 oratione
2148 2156 2231 2222 de
2272 2157 2728 2246 Haruspicum
2776 2180 3089 2247 responso

863 2265 1091 2329 linbila
1147 2262 1551 2353 productam
1601 2263 2045 2329 notavimus:
2096 2284 2257 2330 cum
2298 2265 2485 2329 enim
2534 2269 2685 2353 post
2725 2270 3089 2331 tractatam

855 2373 1238 2457 legitimam
1282 2396 1314 2430 «
1377 2369 1461 2436 de
1517 2376 1664 2446 iure
1713 2397 1738 2428 ι)
1777 2367 2356 2457 disceptationem
2389 2368 2485 2434 sic
2521 2374 3085 2457 persequeretur,

863 2501 975 2565 pri·
1023 2485 1315 2542 [mrtem
1357 2473 1576 2541 Clodii
1618 2474 1946 2541 Milonem
1979 2474 2401 2563 reipublicae
2458 2476 2707 2541 salutis
2738 2481 3092 2541 auctorem
3138 2537 3144 2542 ,

863 2589 1095 2649 inisse„
1131 2605 1349 2671 neque
1380 2588 1609 2648 tamen
1665 2604 1825 2648 eum
1867 2588 2009 2647 tam
2045 2582 2329 2669 propria
2361 2581 2428 2647 vi
2469 2603 2546 2647 ac
2589 2584 2843 2649 virtute
2877 2604 3089 2671 quam

859 2693 1143 2757 tiens-mu
1191 2689 1542 2755 voluntate
1573 2688 1949 2755 etconsilio
1995 2687 2063 2754 id
2113 2689 2337 2776 egisse
2376 2687 2497 2778 (4),
2546 2688 2629 2755 ad
2670 2689 3086 2755 confirman-

867 2801 1019 2861 dam
1055 2801 1226 2862 lianc
1259 2796 1598 2863 rationem
1631 2796 1799 2862 haec
1850 2794 2233 2862 introduxit
2260 2796 2352 2882 (5)
2391 2818 2402 2862 :

943 3005 963 3025 u
1007 2981 1111 3029 final
1163 2976 1340 3046 liujus
1369 2976 1643 3031 beneficii
1673 2977 1945 3049 gratiam,
1987 2977 2237 3046 judiceS‚
2263 2977 2506 3032 fortuna
2536 2978 2740 3049 populi
2782 2979 3013 3033 romani
3047 2984 3105 3035 et

871 3085 891 3117 i.
911 3077 1063 3121 *seira
1095 3065 1340 3121 it.·1ieitas
1368 3069 1426 3121 et
1455 3067 1511 3121 di
1542 3066 1912 3121 immortales
1943 3067 2052 3121 sibi
2086 3067 2288 3121 deberi
2335 3072 2565 3137 putant.
2600 3069 2716 3122 Nec
2744 3084 2883 3123 vero
2937 3070 3104 3139 quis-

871 3173 1047 3225 quam
1079 3157 1246 3209 {iliter
1261 3156 1538 3210 arbitrari
1560 3160 1772 3226 potest,
1799 3157 1914 3210 nisi
1941 3157 2042 3227 qui
2074 3155 2300 3210 nullam
2321 3157 2438 3210 vim
2466 3173 2589 3211 esse
2623 3157 2785 3211 ducit
2809 3174 3105 3212 numenve

879 3249 1163 3309 divitium,
1199 3261 1375 3314 quem
1407 3260 1605 3314 neque
1637 3245 1871 3315 imperii
1922 3246 2111 3300 nostri
2140 3245 2485 3317 magnitudo
2518 3261 2714 3316 neque
2754 3245 2842 3299 sol
2869 3245 2964 3300 ille
2998 3262 3108 3300 nec

875 3337 1019 3389 ιῑεινΙὶ
1059 3337 1477 3403 nemorumque
1519 3337 1717 3389 motus
1756 3350 1867 3388 nec
1897 3334 2341 3389 vicissitudines
2386 3351 2589 3389 rerum
2639 3339 2817 3404 atque
2871 3329 3109 3389 ordines

883 3437 1107 3477 moreni
1176 3439 1391 3493 neque,
1440 3423 1499 3478 id
1553 3423 1713 3493 quod
1771 3424 2095 3477 maximum
2150 3427 2257 3489 est,
2301 3422 2598 3494 majorum
2648 3424 2960 3493 sapientia,
3008 3425 3110 3494 qui

883 3533 1067 3569 sni-vri.
1095 3513 1191 3581 qui
1226 3513 1642 3579 caerimoniaS,
1674 3513 1775 3582 qui
1799 3512 2062 3583 auspicia
2088 3517 2146 3566 et
2175 3512 2286 3582 ipsi
2307 3512 2680 3567 sanctissime
2714 3513 3029 3568 coluerunt
3056 3518 3115 3567 et

883 3605 1047 3657 nni-sifi
1107 3605 1227 3657 suis
1283 3602 1534 3672 posteris
1582 3601 1993 3672 prodiderunt.
2041 3603 2162 3667 Est,
2204 3605 2293 3655 est
2322 3600 2592 3670 profecto
2634 3601 2739 3657 illa
2768 3602 2873 3669 viS,
2917 3619 3110 3672 neque

883 3693 935 3745 iii
979 3693 1063 3745 iiie·
1095 3691 1446 3761 mirporibus
1473 3695 1650 3760 atque
1694 3690 1755 3743 in
1799 3690 1909 3744 hac
1940 3689 2349 3744 imbellicitate
2381 3694 2585 3745 nostra
2614 3691 2769 3745 inest
2807 3691 3111 3760 quiddam,

883 3781 1039 3849 qumi
1075 3781 1260 3849 *signat
1289 3783 1345 3832 et
1375 3780 1612 3845 sentiat,
1642 3794 1764 3832 non
1791 3778 1951 3832 inest
1976 3780 2034 3831 in
2054 3779 2166 3833 hoc
2194 3783 2355 3833 tanto
2384 3783 2630 3834 naturae
2662 3785 2782 3834 tam
2811 3780 3114 3849 praeclaro

891 3881 1067 3921 inmiti.
1119 3869 1232 3921 Nisi
1263 3867 1417 3922 forte
1449 3868 1672 3922 idcirco
1705 3883 1823 3921 non
1864 3872 2097 3938 putant,
2142 3868 2283 3937 quia
2326 3885 2448 3922 non
2493 3873 2740 3938 apparet
2780 3885 2889 3923 nec
2922 3868 3118 3923 cerni-

891 3969 899 4009 1⁴
919 3977 1011 4012 iii:
1051 3957 1294 4025 iar-winde
1337 3957 1504 4026 quasi
1532 3961 1797 4011 nostram
1827 3956 2018 4025 ipsam
2051 3960 2334 4024 mentem,
2361 3972 2478 4026 qua
2520 3957 2803 4026 sapimUS‚
2834 3973 2951 4027 qua
2981 3974 3119 4027 pro-

891 4065 1071 4101 vmt--iu
1091 4065 1175 4109 ¹15,
1211 4062 1327 4116 qua
1357 4046 1502 4100 haec
1541 4046 1662 4116 ipsa
1694 4046 1923 4117 agimus
1954 4062 2022 4100 ac
2051 4045 2322 4113 dicimuS,
2352 4045 2550 4099 videre
2574 4050 2676 4100 aut
2699 4045 2895 4116 plane,
2926 4045 3121 4116 qualis

891 4149 983 4189 .-,·.,ηι,
1023 4137 1115 4185 illd
1147 4137 1235 4201 ait,
1271 4133 1491 4188 sentire
1522 4134 1838 4205 possimus,
1883 4136 1959 4188 Ea
1982 4135 2069 4188 vis
2099 4134 2277 4205 igitur
2306 4134 2453 4205 ipsa,
2482 4150 2633 4204 quae
2663 4151 2839 4205 saepe
2872 4135 3123 4189 incredi-

960 4361 1019 4417 ἰ1ζι
1051 4357 1119 4405 s'f.
1147 4357 1199 4405 fia
1236 4356 1394 4405 Catil.
1429 4358 1730 4406 orationem
1752 4358 1823 4405 ΙΙΙ
1855 4357 1941 4418 (ad
1970 4358 2269 4422 populum),
2304 4360 2347 4407 1.

979 4433 999 4473 Ξ
1051 4429 1227 4477 ''l's-rtia
1258 4444 1280 4473 «
1315 4428 1375 4476 In
1404 4429 1456 4476 L.
1486 4428 1775 4477 Catilinam
1812 4448 1831 4469 »
1865 4430 2141 4492 inscripta,
2170 4444 2284 4494 cap.
2315 4432 2417 4479 8-9.

955 4509 1019 4545 με,
1059 4501 1239 4553 [malis
1271 4514 1334 4548 ea
1363 4499 1660 4562 explicatur
1690 4514 1721 4548 a
1745 4498 1911 4549 Balbo
1938 4500 1995 4549 in
2015 4500 2107 4549 lib.
2146 4503 2190 4550 ll
2227 4502 2296 4549 De
2329 4501 2450 4550 Nat.
2478 4501 2633 4550 Deor.
2668 4505 2694 4551 3
2722 4504 2774 4552 et
2802 4504 2905 4551 162.

960 4574 999 4617 Γ.
1059 4577 1111 4617 s‘.
1147 4568 1354 4630 Milone,
1387 4574 1414 4619 6
1438 4571 1513 4632 (in
1541 4571 1914 4634 propositione
1942 4609 1954 4629 ‚
1983 4573 2036 4620 et
2066 4574 2140 4621 83.

983 4645 1003 4681 2¹}
1063 4641 1191 4689 [inid.
1221 4655 1338 4705 cap.
1372 4644 1448 4701 30,
1482 4645 1505 4701 ἓ
1536 4643 1593 4691 83
1626 4656 1742 4705 sqq.
