3742 5167
921 528 1090 605 475..

445 709 474 763 in
497 726 532 765 eo
548 725 666 764 morum
686 708 829 779 asperitas
841 712 920 763 certe
935 724 996 763 non
1012 707 1296 779 reprehenditur;at
1307 708 1479 778 gravissime
1492 710 1566 765 vitu·

448 802 579 869 peretur,
604 799 655 869 qui
683 798 714 852 in
734 797 825 853 tantis
846 797 1012 861 beneficiis,
1024 801 1136 867 quanta
1158 813 1209 851 vos
1225 797 1256 851 in
1269 813 1316 852 me
1332 797 1500 853 contulistis
1513 798 1563 869 (ῖ),

445 887 677 942 remunerandis
690 892 734 942 est
748 887 870 953 tardior,
880 902 980 956 neque
995 886 1093 941 solum
1109 885 1253 958 ingratus,
1270 887 1350 957 quod
1366 886 1463 957 ipsum
1478 903 1563 959 grave
1619 907 1622 912 ⁴

448 981 502 1043 est,
517 992 620 1032 verum
642 976 730 1031 etiam
749 976 857 1046 impius
882 974 1051 1047 appelletur
1077 990 1199 1029 necesse
1224 981 1277 1030 est.
1291 980 1385 1047 Atque
1414 976 1444 1031 in
1465 976 1563 1031 officio

445 1067 639 1138 persolvendo
654 1067 806 1123 dissimilis
821 1073 867 1122 est
880 1067 955 1122 ratio
978 1068 1123 1137 pecuniae
1148 1066 1290 1134 redditae,
1304 1071 1462 1135 propterea
1485 1066 1564 1134 quod

446 1156 614 1226 pecuniam,
638 1156 688 1227 qui
703 1156 822 1225 retinet,
844 1173 904 1211 non
924 1154 1069 1223 dissolvit,
1084 1156 1135 1227 qui
1150 1155 1289 1222 reddidit,
1303 1170 1364 1209 non
1375 1155 1479 1223 habet;
1495 1170 1563 1226 gra-

444 1244 516 1299 tiam
533 1245 623 1315 etqui
638 1244 762 1314 rettulit,
778 1246 876 1315 habet,
890 1250 919 1300 et
934 1246 985 1316 qui
1001 1245 1100 1313 habet,
1112 1245 1242 1300 dissolvit
1257 1244 1306 1315 (2).

445 1408 616 1477 Similiter
646 1410 681 1475 in
728 1432 832 1478 eausa
872 1410 932 1478 Cn.
974 1410 1107 1477 Plancii
1138 1409 1220 1476 ode
1258 1409 1432 1497 sodaliciis
1462 1438 1477 1469 »
1512 1395 1562 1475 rei

445 1514 552 1606 hujus
579 1539 661 1605 erga
690 1539 726 1584 se
757 1518 881 1585 merita
912 1517 1219 1585 commemorando
1244 1516 1427 1585 adducitur
1454 1523 1494 1584 ut
1520 1516 1562 1583 de

442 1622 575 1712 gratiae
599 1622 799 1691 referendae
814 1624 930 1691 officio
945 1626 993 1691 ita
1008 1623 1155 1691 disserat
1172 1643 1179 1689 :

477 1788 604 1857 Etenim,
635 1788 762 1859 judices,
789 1804 858 1844 cum
888 1789 1029 1845 omnihus
1062 1789 1223 1845 virtutibus
1256 1807 1303 1846 me
1330 1791 1469 1846 affectum
1498 1806 1561 1844 esse

443 1877 541 1948 cupio,
551 1882 613 1932 tum
631 1878 705 1932 nihil
717 1883 772 1948 est,
789 1878 869 1949 quod
880 1878 1091 1950 malim‚quam
1103 1895 1149 1934 me
1164 1883 1194 1933 et
1203 1895 1268 1934 esse
1281 1880 1398 1951 gratum
1414 1883 1443 1933 et
1456 1878 1558 1932 videri.

442 1966 519 2021 Haec
539 1972 584 2022 est
609 1967 688 2022 enim
708 1984 769 2022 una
790 1967 884 2022 virtus
907 1984 966 2022 non
992 1967 1089 2024 solum
1104 1968 1251 2032 maxima,
1281 1969 1333 2023 sed
1355 1969 1444 2023 etiam
1466 1972 1561 2022 mater

440 2054 583 2111 virtutum
595 2056 729 2112 omnium
745 2055 940 2126 reliquarum.
953 2058 1028 2123 Quid
1045 2062 1091 2112 est
1102 2057 1197 2127 pietas
1212 2056 1269 2109 nisi
1282 2055 1419 2110 voluntas
1433 2059 1516 2128 grata
1530 2055 1561 2109 in

441 2146 596 2215 parentes?
612 2146 662 2217 qui
681 2150 751 2201 sunt
764 2146 835 2202 honi
852 2146 940 2213 cives,
954 2147 1013 2216 qui·
1032 2146 1112 2214 belli,
1128 2146 1179 2217 qui
1195 2145 1274 2199 domi
1299 2144 1336 2199 de
1361 2144 1458 2215 patria
1484 2144 1559 2197 bene

441 2238 600 2300 merentes,
617 2234 675 2288 nisi
690 2234 741 2305 qui
767 2234 880 2305 patriae
904 2235 1051 2290 beneficia
1076 2233 1298 2291 meminerunt‘.l
1318 2234 1369 2303 qui
1384 2234 1488 2299 sancti,
1510 2232 1559 2302 qui

441 2322 619 2393 religionum
634 2322 776 2390 colentes
792 2322 851 2377 nisi
864 2323 915 2392 qui
929 2324 1065 2380 meritam
1077 2324 1122 2379 dis
1137 2322 1488 2395 immortalibusgratiam
1498 2322 1560 2392 jus-

442 2410 478 2463 tis
498 2411 664 2467 honoribus
683 2416 712 2466 et
726 2411 852 2467 memori
875 2418 975 2467 mente
989 2413 1179 2483 persolvunt?
1194 2415 1385 2485 Quae-potest
1404 2428 1468 2467 esse
1483 2412 1559 2465 vitae

377 2555 379 2559 ,
438 2498 608 2568 jucunditas
621 2499 743 2555 sublatis
765 2504 928 2559 amicitiis?
942 2522 1007 2575 quae
1026 2522 1115 2576 porro
1136 2507 1267 2561 amicitia
1281 2511 1379 2577 potest
1394 2521 1457 2560 esse
1482 2505 1559 2558 inter

439 2588 591 2659 ingratos?
604 2591 673 2655 Quis
682 2596 727 2645 est
737 2597 874 2647 nostrum
885 2592 1049 2649 liberaliter
1064 2596 1218 2661 educatus,
1231 2597 1278 2651 cui
1295 2612 1357 2649 non
1371 2596 1557 2662 educatores,

440 2678 487 2732 cui
507 2694 569 2732 non
583 2680 715 2751 magistri
734 2681 780 2737 sui
795 2687 883 2752 atque
899 2683 1047 2748 doctoreS,
1063 2684 1110 2739 cui
1127 2701 1187 2738 non
1203 2685 1288 2740 iocus
1301 2685 1363 2756 ipse
1380 2689 1479 2739 mutus
1497 2682 1557 2751 ille,

438 2767 489 2821 ubi
512 2767 600 2821 alitus
624 2774 675 2824 aut
692 2769 796 2825 doctus
808 2776 870 2839 est,
891 2789 960 2827 cum
974 2778 1057 2844 grata
1072 2774 1279 2829 recordatione
1300 2774 1331 2827 in
1347 2778 1447 2827 mente
1462 2787 1559 2827 verse-

439 2855 506 2909 tur?
516 2856 606 2926 Cujus
623 2874 694 2928 opes
705 2863 804 2914 tantae
822 2875 885 2915 esse
900 2866 1025 2931 possunt
1035 2867 1088 2917 aut
1103 2878 1236 2933 unquam
1252 2862 1384 2930 luerunt,
1402 2878 1478 2933 quae
1492 2862 1557 2916 sine

439 2943 603 3000 multorum
611 2947 776 3004 amicorum
787 2948 892 3005 oissciis
903 2955 983 3005 stare
995 2951 1109 3021 possint
1118 2951 1132 3006 ‘l
1141 2969 1216 3023 quae
1228 2959 1307 3006 certe
1319 2950 1437 3005 sublata
1447 2966 1558 3004 memo·

438 3030 483 3085 ria
498 3036 525 3085 et
541 3032 634 3104 gratia
654 3033 736 3091 nulla
757 3043 872 3093 exstare
895 3045 1030 3109 possunt.
1042 3041 1187 3111 Equidem
1214 3041 1287 3095 nihil
1315 3046 1375 3095 tam
1405 3040 1557 3110 proprium

438 3121 567 3176 hominis
580 3124 714 3179 existimo
728 3143 817 3196 quam
828 3145 888 3183 non
902 3130 991 3185 modo
1002 3130 1158 3197 beneficio,
1172 3131 1324 3185 sedetiam
1339 3128 1556 3183 benivolentiae

438 3210 653 3282 significatione
666 3213 791 3286 alligari,
820 3216 895 3271 nihil
918 3234 1007 3287 porro
1023 3224 1084 3273 tam
1108 3219 1318 3284 inhumanum,
1339 3223 1400 3273 tam
1415 3218 1555 3281 immane,

438 3298 608 3356 temlerum
623 3319 712 3372 quam
723 3305 920 3371 committere,
937 3313 971 3362 ut
985 3308 1131 3362 henelicio
1146 3324 1208 3362 non
1224 3308 1320 3363 dicam
1341 3307 1490 3379 indignus
1505 3306 1557 3361 sed

437 3387 532 3443 victus
547 3406 612 3445 esse
627 3392 745 3448 videare
762 3394 815 3464 (3).

481 3552 574 3619 Haec
594 3553 756 3623 videlieet
770 3563 844 3624 erat
866 3585 880 3617 α
903 3559 1003 3647 copia
1024 3582 1137 3626 rerum
1154 3560 1201 3650 (l)
1228 3589 1258 3643 o,
1278 3583 1347 3650 qua
1362 3561 1554 3628 orationem

437 3662 555 3727 ornari
577 3669 608 3728 et
621 3662 826 3751 amplificari
839 3664 963 3733 debere
979 3667 1105 3737 aiebat.

482 3767 601 3858 Neque
616 3791 709 3850 vero,
726 3771 807 3859 quia
828 3770 891 3837 hae
917 3773 1155 3862 amplificandi
1175 3773 1421 3841 commoditate
1441 3779 1555 3841 orato-

437 3876 571 3941 remita
594 3898 739 3950 usurum
755 3899 828 3945 esse
840 3880 989 3962 censuit,
1006 3887 1045 3947 ut
1062 3908 1076 3941 o
1099 3880 1273 3949 declinare
1288 3904 1308 3948 a
1327 3883 1505 3971 proposito
1521 3888 1555 3949 et

436 3980 616 4049 deflectere
636 3985 843 4051 sententiam
858 3985 905 4075 (5)
922 4016 937 4047 o
955 3987 987 4053 ei
1008 3987 1143 4071 liceret,
1163 3987 1241 4055 ideo
1263 3988 1457 4077 putandum
1487 3995 1551 4070 est,

465 4194 499 4256 (Ι)
515 4194 553 4243 Ad
564 4208 596 4243 ea
608 4194 690 4244 verba
704 4194 846 4245 dumtaxat
858 4199 982 4260 spectant
994 4213 1033 4256 ea,
1045 4213 1113 4261 quae
1138 4198 1176 4248 sic
1198 4198 1313 4248 dicimus
1332 4214 1337 4246 :
1354 4216 1365 4243 o
1381 4198 1553 4262 paucissimis

435 4267 524 4317 verbis
537 4269 650 4317 mutatis
667 4288 688 4317 o.

466 4342 497 4401 (2)
507 4341 567 4389 Post
580 4341 697 4389 reditum
708 4340 745 4388 ad
754 4339 879 4401 Quirites,
891 4344 962 4391 22-23
979 4370 1002 4378 -
1014 4344 1140 4393 Extrema
1149 4344 1324 4401 sententia-
1333 4358 1401 4407 quae
1413 4344 1553 4393 nonnullis

434 4410 548 4460 eruditis
560 4411 620 4459 visa
632 4414 673 4460 est
684 4424 700 4460 a
711 4410 828 4460 librariis
837 4412 889 4462 hoc
900 4413 960 4462 loco
972 4413 1064 4464 addita
1077 4429 1145 4474 esse,
1159 4443 1186 4451 -·
1198 4415 1335 4463 invenitur
1345 4414 1440 4464 eadem
1451 4414 1552 4464 eisdem

434 4481 524 4530 verbis
537 4484 678 4531 enuntiata
693 4484 721 4531 in
736 4486 803 4532 orat.
820 4485 849 4533 Ρ.
865 4484 986 4544 Plancio,
1003 4489 1042 4544 68,
1059 4488 1165 4536 -etin
1178 4485 1224 4536 lib.
1242 4488 1265 4535 ll
1280 4489 1318 4536 De
1331 4487 1414 4551 Offic,
1433 4490 1472 4536 69.

465 4554 498 4613 (3)
516 4553 565 4601 Pro
581 4552 699 4612 Plancio,
713 4554 796 4602 atat,

465 4623 498 4685 (i)
513 4625 551 4673 De
570 4624 612 4672 Or.
631 4624 675 4681 ill,
690 4626 743 4673 125.
757 4624 795 4673 Cf.
812 4640 893 4689 supra
905 4629 990 4677 nostr.
1005 4631 1073 4691 part.
1088 4628 1108 4686 l,
1123 4642 1181 4692 cap.
1198 4628 1241 4677 lV.

463 4698 498 4759 (5)
512 4696 550 4745 Cl.
567 4697 652 4755 Orat,
669 4698 725 4747 137.
