3742 5167
791 540 959 605 -15-

320 715 484 799 exceptus
499 708 543 775 sit
559 707 616 795 (1),
632 747 675 757 -
689 728 800 797 aequo
811 708 928 774 animo
937 704 1056 775 audire
1071 705 1141 773 hon
1153 706 1436 796 potuerithtque

318 839 414 898 sane,
431 815 515 883 dum
530 816 566 881 in
579 813 837 904 philosophiam
857 813 904 903 (2)
926 815 1079 904 primum
1099 814 1436 903 argumentationem

318 944 418 990 suam
433 920 593 1003 intendit,
615 920 704 987 hanc
724 922 899 1010 propriam
922 921 1124 988 inscientiae
1144 942 1227 987 suae
1265 921 1435 987 rationem

319 1028 529 1111 dissimulat,
589 1049 789 1117 quanquam
803 1026 1435 1118 neinphilosophiaquidemsimilem

318 1134 499 1202 refellendi
518 1133 630 1201 Crassi
653 1153 830 1201 causama
858 1157 894 1202 se
931 1134 1061 1201 afuisse
1087 1133 1162 1224 ipse
1195 1139 1314 1223 postea
1345 1133 1436 1200 indi-

317 1240 502 1328 131111(3);
541 1239 612 1318 sed,
646 1239 729 1306 dum
749 1239 795 1322 id,
822 1242 912 1330 quod
955 1241 1069 1309 Crassi
1100 1241 1255 1308 oratione
1283 1241 1434 1307 nimium

317 1353 565 1437 exaggeratum
580 1369 673 1413 nunc
690 1348 876 1431 existimat,
893 1347 936 1414 ad
956 1346 1141 1438 justiorem
1164 1348 1321 1416 veritatis
1345 1348 1434 1414 ima-

317 1454 435 1543 ginem
455 1453 625 1521 adducere
637 1475 672 1519 se
690 1454 883 1544 profitetur,
908 1456 1156 1545 propriamque
1186 1456 1334 1521 oratoris
1360 1455 1434 1523 vim

316 1583 355 1627 ac
368 1560 568 1628 facultatem
590 1584 608 1627 a
622 1559 745 1627 Crasso
758 1560 863 1627 latius
880 1561 932 1649 (111
947 1561 1123 1651 opinatur)
1144 1560 1433 1649 comprehensam

317 1666 504 1734 artioribus
518 1668 679 1734 terminis
694 1667 859 1735 describit
872 1666 933 1757 (1),
953 1692 995 1736 ne
1021 1670 1056 1735 in
1072 1668 1137 1736 hoc
1150 1668 1292 1759 quidem
1312 1667 1435 1736 adver-

316 1773 413 1841 sandi
439 1773 554 1842 studio
583 1797 757 1842 summam
773 1775 848 1866 ejus
861 1777 1070 1844 sententiam
1090 1801 1110 1845 a
1131 1775 1244 1843 Crassi
1271 1776 1433 1865 opinione

315 1882 458 1948 omnino
489 1888 742 1971 repugnantem
774 1883 956 1952 ridemus:
985 1906 1098 1973 neque
1131 1884 1224 1952 enim
1262 1884 1330 1949 nisi
1363 1905 1433 1949 uuo

315 1987 420 2055 verbo
441 1988 499 2078 (11),
511 2010 584 2055 -1
599 2011 680 2078 quo,
693 1994 860 2079 tanquam
873 1996 1003 2057 temere
1014 1990 1153 2071 emisso,
1167 1991 1241 2075 ipse
1256 1988 1380 2056 deinde
1396 2011 1432 2056 re

315 2093 459 2161 discedit
475 2095 537 2185 (6),
573 2136 617 2145 -
641 2095 812 2164 subtrahit
831 2096 931 2179 illud,
967 2096 1059 2186 quod
1079 2096 1279 2164 desummo
1308 2102 1341 2162 et
1357 2118 1432 2185 per·

314 2200 402 2269 fecto
418 2208 553 2269 oratore
575 2202 696 2269 Crasso
710 2209 789 2270 ante
808 2226 971 2271 assensus
987 2210 1041 2270 est
1055 2205 1097 2289 (7)
1119 2226 1126 2283 ;
1161 2224 1273 2291 neque
1310 2224 1431 2268 rursus

314 2330 393 2374 eum
415 2309 531 2398 ipsum
554 2336 569 2370 n
596 2311 797 2400 operarium
813 2339 855 2381 1,
883 2311 1024 2401 qualem
1037 2316 1211 2377 oratorem
1224 2308 1307 2375 facit
1333 2309 1432 2398 (8),a

314 2443 330 2477 «
347 2415 514 2483 bonarum
530 2418 659 2483 artium
676 2445 690 2477 »
714 2417 828 2485 studio
859 2416 902 2483 ab
927 2418 1093 2506 omnique
1120 2445 1134 2478 «
1166 2414 1383 2483 humanitate
1414 2443 1428 2476 r

314 2521 466 2612 sejungit
498 2522 569 2614 (9);
601 2523 734 2590 nullam
751 2524 882 2591 scilicet
898 2524 932 2613 in
954 2546 1091 2590 summa
1122 2523 1319 2613 graviorem
1348 2544 1430 2591 con·

315 2628 502 2696 tradicendi
540 2630 709 2697 rationem
735 2629 897 2697 habuisse
913 2630 1063 2712 videtur,
1085 2651 1191 2719 quam
1222 2628 1314 2720 quod
1346 2651 1430 2696 con·

312 2735 436 2819 tendit,
478 2735 520 2803 ad
547 2737 660 2827 ipsam
681 2736 818 2805 dicendi
848 2738 1132 2805 exercitationem
1185 2735 1322 2803 dicendi
1355 2742 1428 2803 stu-

312 2840 498 2909 diosisnon
523 2843 571 2909 ita
586 2844 738 2910 multum
769 2844 872 2933 spatii
885 2866 973 2923 esse,
987 2849 1023 2910 ut
1043 2841 1084 2909 ad
1109 2864 1163 2909 res
1179 2842 1296 2907 minus
1308 2864 1429 2909 neces·

312 2948 421 3014 sarias
443 2954 599 3038 tempora
612 2971 674 3015 sua
687 2948 895 3038 dispertiant
906 2948 976 3038 (111)
990 2972 997 3016 :
1018 2971 1123 3037 quam
1138 2949 1251 3037 ipsam
1267 2947 1428 3015 ultimam

311 3056 482 3122 rationem
499 3054 768 3123 subtilioribusa
783 3054 906 3121 Crasso
926 3055 1040 3121 allatis
1054 3053 1247 3121 rationibus
1267 3055 1336 3140 (11)
1357 3053 1428 3120 dis-

310 3162 380 3227 cuti
401 3184 481 3229 mox
500 3161 697 3230 videbimus
713 3184 719 3241 ;
736 3183 817 3227 nam
832 3160 874 3227 ad
896 3183 1059 3249 praesens
1074 3160 1218 3227 Crassus
1252 3162 1335 3227 satis
1352 3183 1427 3228 esse

305 3266 451 3356 judicat,
473 3267 526 3335 his
546 3269 661 3337 verbis
695 3267 985 3348 animadvertere,
1011 3289 1152 3334 omnem
1184 3268 1326 3334 Antonii
1347 3290 1367 3333 a
1391 3289 1428 3334 se

310 3373 562 3443 dissensionem
576 3381 609 3443 in
619 3376 766 3444 oratoris
781 3375 984 3443 delinitione
996 3376 1128 3444 versari
1141 3373 1210 3465 (12)
1228 3394 1235 3440 :
1254 3402 1270 3436 «
1288 3397 1357 3442 non
1372 3398 1427 3442 so-

340 3610 373 3669 (1)
391 3608 429 3657 De
447 3608 489 3657 Or.
506 3609 592 3667 1112.

340 3680 373 3741 (2)
389 3680 426 3729 De
439 3680 499 3742 J'ure
509 3680 584 3730 civili
595 3682 729 3731 Antonius
740 3684 835 3745 postea
849 3681 972 3745 disseret,
988 3684 1033 3731 231
1048 3696 1107 3748 sqq.

340 3750 373 3813 (3)
386 3750 442 3798 Lib.
460 3750 493 3809 11,
503 3752 586 3799 611-61.

340 3822 373 3884 (1)
388 3820 443 3869 Lib.
461 3821 481 3881 l,
493 3823 606 3873 213-211.

340 3894 372 3954 (5)
387 3892 406 3953 l,
423 3894 477 3951 233,
488 3894 516 3942 in
533 3894 706 3944 conclusione
718 3908 812 3944 eorum
823 3910 891 3958 quae
904 3896 937 3945 de
960 3895 1132 3960 philosophia
1150 3897 1277 3948 disseruit
1292 3911 1298 3945 :
1314 3916 1358 3946 1...
1373 3898 1426 3948 hoc

307 3964 396 4025 (idest
411 3983 416 4013 :
435 3963 542 4014 dicendi
560 3965 724 4029 facultatem)
743 3968 800 4017 sine
820 3968 1076 4031 1110(ρ1111ο3ορ11133
1099 3969 1199 4031 studio)
1220 3983 1351 4018 summum
1364 3984 1425 4019 esse

305 4048 396 4097 posse,
419 4055 430 4079 »

339 4109 372 4169 (6)
388 4110 433 4157 258
450 4123 455 4156 :
471 4128 482 4153 «ι
499 4109 610 4159 voluisti
629 4111 657 4159 in
672 4122 720 4159 suo
739 4123 835 4172 genere
857 4123 1079 4174 unumquemque
1094 4113 1219 4161 nostrum
1236 4111 1315 4175 quasi
1330 4124 1425 4174 quem·

307 4177 370 4227 dam
386 4190 445 4228 esse
464 4181 623 4232 Roscium...
642 4184 692 4231 eto.
706 4200 717 4223 »
935 4235 941 4240 ,

337 4251 370 4311 (1)
386 4249 424 4299 Gi.
442 4250 461 4309 l,
477 4251 506 4300 80
523 4252 562 4312 (111
578 4252 795 4315 supradiximus,
810 4267 836 4316 p.
849 4255 887 4311 12,
903 4266 930 4302 n.
949 4253 983 4316 8).

338 4322 370 4383 (3)
387 4319 463 4380 (11.1,
479 4324 524 4371 263

338 4392 369 4454 (9)
386 4392 424 4441 Gi.
441 4394 461 4452 l,
475 4395 519 4442 216
537 4412 543 4443 z
561 4414 573 4438 1
588 4408 676 4457 neque
689 4395 885 4457 repugnabo...,
897 4398 949 4444 etc.

337 4464 385 4526 (10)
399 4462 436 4513 (ti.
456 4464 475 4523 1,
490 4467 595 4523 25112611
608 4464 693 4528 ;quod
706 4463 778 4513 idem
793 4479 873 4529 supra
888 4466 936 4528 (81)
949 4464 1114 4528 praeteriens
1124 4464 1263 4516 indicabat
1277 4467 1422 4527 Antonius,

306 4530 370 4581 dum
387 4535 484 4584 Crasso
496 4537 627 4586 assentire
643 4550 672 4585 se
684 4536 783 4585 aiebat.

337 4604 386 4666 (11)
402 4606 433 4653 ln
445 4605 513 4656 libro
529 4608 563 4655 lll
579 4608 616 4655 De
634 4607 708 4656 Orat.

337 4675 384 4739 (12)
400 4679 445 4725 261
462 4678 592 4740 (extremo
607 4678 661 4727 iere
669 4678 739 4727 libro
748 4678 776 4739 l).
789 4679 880 4741 Neque
888 4677 1016 4727 videlicet
1024 4677 1225 4730 sineindustria
1234 4679 1361 4731 ellectum
1370 4683 1421 4736 331.
