3742 5167
833 553 978 617 ..5-

390 718 433 784 Et
453 739 549 799 vern,
567 718 649 808 quia
664 715 706 785 ad
724 724 881 785 nostrum
908 705 1125 808 propositum
1146 720 1296 788 maxime
1313 722 1462 811 pertine·

342 824 392 893 bit
406 824 592 893 ostendere
609 831 781 915 quatenus
801 825 836 891 in
848 825 924 915 ejus
937 825 1154 894 orationibus
1192 826 1276 895 haec
1311 828 1463 919 philoso-

342 932 444 1022 phiae
459 931 636 1021 adjunctio
656 931 851 999 rationibus
866 932 909 999 ab
930 933 1007 1022 ipso
1033 934 1202 1021 expositis
1235 934 1455 1025 respondeat,

342 1079 385 1089 -
400 1037 529 1106 idcirco
543 1060 617 1106 rem
642 1046 797 1107 nostram
812 1045 902 1107 recte
924 1040 972 1107 ita
988 1039 1149 1130 partituri
1165 1038 1264 1107 nobis
1285 1041 1456 1125 videmur,

342 1153 380 1213 ut
394 1145 436 1213 ab
454 1144 507 1212 his
524 1145 715 1214 rationibus
762 1146 916 1235 primurn
952 1147 1142 1235 perspectis
1178 1152 1395 1216 transeamus
1419 1148 1462 1216 ad

343 1249 616 1340 dijudicandum,
640 1250 938 1342 quemadmodum
975 1251 1040 1320 hoc
1069 1250 1311 1343 philosophiae
1331 1256 1462 1322 instru-

342 1364 499 1425 mentum
514 1356 555 1424 ad
573 1358 808 1448 eloquentiam
819 1380 919 1425 suam
942 1358 1222 1448 locupletandam
1249 1368 1369 1429 noster
1383 1384 1461 1430 ora-

343 1472 398 1533 tor
413 1487 479 1532 usu
493 1463 690 1532 adhibuerit
705 1465 765 1554 (i).

342 1686 431 1736 tiones
448 1686 589 1737 declarant
604 1686 717 1736 refertae
736 1686 962 1751 philosophorum
980 1683 1124 1734 sententiis
1136 1685 1163 1733 et
1178 1683 1399 1733 doctissimorum
1413 1684 1462 1733 ho-

341 1758 448 1807 minum
471 1757 679 1816 familiaritates,
695 1758 793 1821 quibus
817 1770 923 1820 semper
938 1756 1035 1806 domus
1059 1756 1154 1805 nostra
1168 1755 1265 1815 floruit,
1281 1756 1309 1804 et
1323 1755 1460 1817 principes

343 1829 386 1878 illi
403 1828 543 1888 Diodotus,
566 1829 649 1889 Philo,
674 1830 832 1887 Antiochus
849 1826 1022 1886 Posidonius,
1040 1842 1056 1876 a
1071 1827 1169 1891 quibus
1194 1826 1313 1875 instituti
1325 1840 1461 1875 sumus»

345 1900 391 1962 (Dc
406 1901 511 1949 Natura
526 1900 644 1949 deorum.
655 1901 673 1959 1,
690 1901 724 1961 6.)

374 1971 406 2033 (i)
420 1971 514 2021 Varios
528 1969 696 2021 eruditorum
710 1972 827 2020 virorum
844 1970 937 2026 libros,
948 1969 982 2019 ad
996 1983 1065 2033 quos
1089 1968 1207 2018 maxime
1222 1981 1272 2017 nos
1301 1966 1400 2016 reterre
1416 1967 1461 2017 dc·

341 2042 459 2104 buimus,
477 2044 556 2106 prout
571 2043 678 2093 occasio
692 2041 802 2102 incidet,
815 2042 844 2090 in
858 2041 961 2091 nostris
974 2039 1197 2091 annotationibus
1210 2038 1403 2089 indicabimus.
