<?xml version="1.0" encoding="UTF-8"?>
<!DOCTYPE html PUBLIC "-//W3C//DTD XHTML 1.0 Transitional//EN"
    "http://www.w3.org/TR/xhtml1/DTD/xhtml1-transitional.dtd">
<html xmlns="http://www.w3.org/1999/xhtml" xml:lang="en" lang="en">
 <head>
  <title>
</title>
<meta http-equiv="Content-Type" content="text/html;charset=utf-8" />
  <meta name='ocr-system' content='tesseract 3.04.00' />
  <meta name='ocr-capabilities' content='ocr_page ocr_carea ocr_par ocr_line ocrx_word'/>
</head>
<body>
  <div class='ocr_page' id='page_1' title='image "./quantumphilosop01liebgoog_0128.png"; bbox 0 0 3742 5167; ppageno 0'>
   <div class='ocr_carea' id='block_1_1' title="bbox 1946 567 2344 633">
    <p class='ocr_par' dir='ltr' id='par_1_1' title="bbox 1946 567 2344 633">
     <span class='ocr_line' id='line_1_1' title="bbox 1946 567 2344 633; baseline -0.005 0"><span class='ocrx_word' id='word_1_1' title='bbox 1946 567 2344 633; x_wconf 86' lang='lat'><strong>—112—</strong></span> 
     </span>
    </p>
   </div>
   <div class='ocr_carea' id='block_1_2' title="bbox 955 729 3207 2081">
    <p class='ocr_par' dir='ltr' id='par_1_2' title="bbox 955 729 3207 2081">
     <span class='ocr_line' id='line_1_2' title="bbox 965 729 3207 823; baseline 0.001 -23"><span class='ocrx_word' id='word_1_2' title='bbox 965 736 1060 801; x_wconf 89' lang='lat' dir='ltr'><strong>ita</strong></span> <span class='ocrx_word' id='word_1_3' title='bbox 1091 734 1397 801; x_wconf 92' lang='lat' dir='ltr'><strong>multum</strong></span> <span class='ocrx_word' id='word_1_4' title='bbox 1428 732 1848 823; x_wconf 81' lang='lat' dir='ltr'>discrepare.</span> <span class='ocrx_word' id='word_1_5' title='bbox 1893 732 2033 799; x_wconf 85' lang='lat' dir='ltr'><strong>Nec</strong></span> <span class='ocrx_word' id='word_1_6' title='bbox 2065 754 2228 800; x_wconf 91' lang='lat' dir='ltr'><strong>vero</strong></span> <span class='ocrx_word' id='word_1_7' title='bbox 2269 731 2432 798; x_wconf 92' lang='lat' dir='ltr'><strong>huic</strong></span> <span class='ocrx_word' id='word_1_8' title='bbox 2469 758 2499 793; x_wconf 80' lang='grc' dir='ltr'><strong>α</strong></span> <span class='ocrx_word' id='word_1_9' title='bbox 2533 729 2759 797; x_wconf 86' lang='lat' dir='ltr'><strong>laudis</strong></span> <span class='ocrx_word' id='word_1_10' title='bbox 2786 732 3017 801; x_wconf 87' lang='lat' dir='ltr'><strong>studio</strong></span> <span class='ocrx_word' id='word_1_11' title='bbox 3055 762 3084 795; x_wconf 87' lang='lat'>»</span> <span class='ocrx_word' id='word_1_12' title='bbox 3134 742 3207 801; x_wconf 91' lang='lat' dir='ltr'><strong>ut</strong></span> 
     </span>
     <span class='ocr_line' id='line_1_3' title="bbox 965 840 3200 908; baseline 0.001 -3"><span class='ocrx_word' id='word_1_13' title='bbox 965 841 1038 906; x_wconf 88' lang='lat' dir='ltr'><strong>in</strong></span> <span class='ocrx_word' id='word_1_14' title='bbox 1088 842 1233 908; x_wconf 88' lang='lat' dir='ltr'><strong>vita</strong></span> <span class='ocrx_word' id='word_1_15' title='bbox 1289 862 1415 907; x_wconf 92' lang='lat' dir='ltr'><strong>sua</strong></span> <span class='ocrx_word' id='word_1_16' title='bbox 1476 840 1574 906; x_wconf 89' lang='lat' dir='ltr'><strong>sic</strong></span> <span class='ocrx_word' id='word_1_17' title='bbox 1625 841 1696 906; x_wconf 92' lang='lat' dir='ltr'><strong>in</strong></span> <span class='ocrx_word' id='word_1_18' title='bbox 1746 841 1890 907; x_wconf 92' lang='lat' dir='ltr'><strong>suis</strong></span> <span class='ocrx_word' id='word_1_19' title='bbox 1939 840 2371 907; x_wconf 86' lang='lat' dir='ltr'><strong>orationibus</strong></span> <span class='ocrx_word' id='word_1_20' title='bbox 2408 844 2683 905; x_wconf 90' lang='lat' dir='ltr'><strong>tantum</strong></span> <span class='ocrx_word' id='word_1_21' title='bbox 2746 840 3037 907; x_wconf 87' lang='lat' dir='ltr'><strong>forsitan</strong></span> <span class='ocrx_word' id='word_1_22' title='bbox 3079 844 3200 908; x_wconf 88' lang='lat' dir='ltr'><strong>tri-</strong></span> 
     </span>
     <span class='ocr_line' id='line_1_4' title="bbox 970 945 3200 1035; baseline 0.001 -22"><span class='ocrx_word' id='word_1_23' title='bbox 970 945 1256 1026; x_wconf 89' lang='lat' dir='ltr'><strong>buisset,</strong></span> <span class='ocrx_word' id='word_1_24' title='bbox 1289 947 1420 1012; x_wconf 89' lang='lat' dir='ltr'><strong>nisi</strong></span> <span class='ocrx_word' id='word_1_25' title='bbox 1447 947 1900 1035; x_wconf 83' lang='lat' dir='ltr'><strong>gravissimos</strong></span> <span class='ocrx_word' id='word_1_26' title='bbox 1941 945 2394 1035; x_wconf 86' lang='lat' dir='ltr'><strong>philosophos</strong></span> <span class='ocrx_word' id='word_1_27' title='bbox 2421 945 2503 1011; x_wconf 91' lang='lat' dir='ltr'><strong>de</strong></span> <span class='ocrx_word' id='word_1_28' title='bbox 2563 972 2593 1005; x_wconf 93' lang='lat'>«</span> <span class='ocrx_word' id='word_1_29' title='bbox 2640 967 2918 1013; x_wconf 90' lang='lat' dir='ltr'><strong>summo</strong></span> <span class='ocrx_word' id='word_1_30' title='bbox 2949 947 3129 1015; x_wconf 90' lang='lat' dir='ltr'><strong>bono</strong></span> <span class='ocrx_word' id='word_1_31' title='bbox 3174 978 3200 1008; x_wconf 76' lang='grc' dir='ltr'><strong>υ</strong></span> 
     </span>
     <span class='ocr_line' id='line_1_5' title="bbox 965 1052 3207 1143; baseline 0.001 -25"><span class='ocrx_word' id='word_1_32' title='bbox 965 1055 1062 1121; x_wconf 89' lang='lat' dir='ltr'><strong>ita</strong></span> <span class='ocrx_word' id='word_1_33' title='bbox 1126 1053 1542 1121; x_wconf 82' lang='lat' dir='ltr'><strong>disserentes</strong></span> <span class='ocrx_word' id='word_1_34' title='bbox 1593 1053 1909 1137; x_wconf 89' lang='lat' dir='ltr'><strong>vidisset,</strong></span> <span class='ocrx_word' id='word_1_35' title='bbox 1961 1060 2296 1143; x_wconf 80' lang='lat' dir='ltr'><strong>tanquam</strong></span> <span class='ocrx_word' id='word_1_36' title='bbox 2348 1052 2696 1119; x_wconf 72' lang='lat' dir='ltr'><strong>honestum</strong></span> <span class='ocrx_word' id='word_1_37' title='bbox 2754 1060 2818 1119; x_wconf 89' lang='lat' dir='ltr'><strong>et</strong></span> <span class='ocrx_word' id='word_1_38' title='bbox 2862 1052 3207 1120; x_wconf 83' lang='lat' dir='ltr'><em>laudabile</em></span> 
     </span>
     <span class='ocr_line' id='line_1_6' title="bbox 969 1158 3207 1250; baseline 0 -23"><span class='ocrx_word' id='word_1_39' title='bbox 969 1160 1156 1227; x_wconf 92' lang='lat' dir='ltr'><strong>idem</strong></span> <span class='ocrx_word' id='word_1_40' title='bbox 1204 1169 1409 1243; x_wconf 88' lang='lat' dir='ltr'><strong>esset,</strong></span> <span class='ocrx_word' id='word_1_41' title='bbox 1464 1168 1672 1250; x_wconf 91' lang='lat' dir='ltr'><strong>atque</strong></span> <span class='ocrx_word' id='word_1_42' title='bbox 1737 1159 1899 1227; x_wconf 91' lang='lat' dir='ltr'><strong>inde</strong></span> <span class='ocrx_word' id='word_1_43' title='bbox 1959 1162 2168 1227; x_wconf 90' lang='lat' dir='ltr'><strong>etiam</strong></span> <span class='ocrx_word' id='word_1_44' title='bbox 2217 1158 2732 1242; x_wconf 85' lang='lat' dir='ltr'><strong>concludenteS,</strong></span> <span class='ocrx_word' id='word_1_45' title='bbox 2788 1161 2951 1249; x_wconf 88' lang='lat' dir='ltr'><strong>quia</strong></span> <span class='ocrx_word' id='word_1_46' title='bbox 3012 1159 3207 1227; x_wconf 88' lang='lat' dir='ltr'><strong>beata</strong></span> 
     </span>
     <span class='ocr_line' id='line_1_7' title="bbox 964 1265 3203 1357; baseline -0.001 -23"><span class='ocrx_word' id='word_1_47' title='bbox 964 1268 1107 1335; x_wconf 86' lang='lat' dir='ltr'><strong>vita</strong></span> <span class='ocrx_word' id='word_1_48' title='bbox 1159 1296 1189 1327; x_wconf 87' lang='lat'>«</span> <span class='ocrx_word' id='word_1_49' title='bbox 1231 1267 1640 1357; x_wconf 77' lang='lat' dir='ltr'><strong>qloriatione</strong></span> <span class='ocrx_word' id='word_1_50' title='bbox 1694 1265 1903 1355; x_wconf 80' lang='lat' dir='ltr'><strong>diqna</strong></span> <span class='ocrx_word' id='word_1_51' title='bbox 1959 1296 1989 1330; x_wconf 90' lang='lat'>»</span> <span class='ocrx_word' id='word_1_52' title='bbox 2057 1266 2377 1334; x_wconf 89' lang='lat' dir='ltr'><strong>habenda</strong></span> <span class='ocrx_word' id='word_1_53' title='bbox 2444 1272 2650 1348; x_wconf 88' lang='lat' dir='ltr'><strong>esset,</strong></span> <span class='ocrx_word' id='word_1_54' title='bbox 2732 1265 2986 1334; x_wconf 87' lang='lat' dir='ltr'><strong>idcirco</strong></span> <span class='ocrx_word' id='word_1_55' title='bbox 3049 1289 3203 1333; x_wconf 90' lang='lat' dir='ltr'><strong>eam</strong></span> 
     </span>
     <span class='ocr_line' id='line_1_8' title="bbox 967 1372 3205 1464; baseline -0.001 -24"><span class='ocrx_word' id='word_1_56' title='bbox 967 1375 1243 1440; x_wconf 91' lang='lat' dir='ltr'><strong>nonnisi</strong></span> <span class='ocrx_word' id='word_1_57' title='bbox 1273 1374 1621 1441; x_wconf 72' lang='lat' dir='ltr'><strong>honestate</strong></span> <span class='ocrx_word' id='word_1_58' title='bbox 1652 1373 1830 1440; x_wconf 86' lang='lat' dir='ltr'><strong>effici</strong></span> <span class='ocrx_word' id='word_1_59' title='bbox 1859 1396 2061 1463; x_wconf 91' lang='lat' dir='ltr'><strong>posse</strong></span> <span class='ocrx_word' id='word_1_60' title='bbox 2087 1374 2178 1464; x_wconf 82' lang='lat'><strong>(1)</strong></span> <span class='ocrx_word' id='word_1_61' title='bbox 2212 1404 2225 1441; x_wconf 90' lang='lat'><strong>:</strong></span> <span class='ocrx_word' id='word_1_62' title='bbox 2261 1395 2430 1463; x_wconf 87' lang='lat' dir='ltr'><strong>quas</strong></span> <span class='ocrx_word' id='word_1_63' title='bbox 2464 1374 2766 1453; x_wconf 85' lang='lat' dir='ltr'><strong>rationes</strong></span> <span class='ocrx_word' id='word_1_64' title='bbox 2805 1395 2964 1440; x_wconf 89' lang='lat' dir='ltr'><strong>cum</strong></span> <span class='ocrx_word' id='word_1_65' title='bbox 2993 1372 3079 1440; x_wconf 85' lang='lat' dir='ltr'><strong>ab</strong></span> <span class='ocrx_word' id='word_1_66' title='bbox 3106 1374 3205 1439; x_wconf 88' lang='lat' dir='ltr'><strong>eis</strong></span> 
     </span>
     <span class='ocr_line' id='line_1_9' title="bbox 968 1479 3202 1569; baseline 0.001 -25"><span class='ocrx_word' id='word_1_67' title='bbox 968 1503 1000 1544; x_wconf 73' lang='grc' dir='ltr'><strong>ιι</strong></span> <span class='ocrx_word' id='word_1_68' title='bbox 1030 1479 1409 1547; x_wconf 85' lang='lat' dir='ltr'><strong>dialecticis</strong></span> <span class='ocrx_word' id='word_1_69' title='bbox 1436 1504 1466 1544; x_wconf 63' lang='grc' dir='ltr'><em>υ</em></span> <span class='ocrx_word' id='word_1_70' title='bbox 1497 1480 1587 1569; x_wconf 79' lang='grc'>(2)</span> <span class='ocrx_word' id='word_1_71' title='bbox 1633 1480 1727 1547; x_wconf 87' lang='lat' dir='ltr'><strong>ita</strong></span> <span class='ocrx_word' id='word_1_72' title='bbox 1747 1479 2067 1551; x_wconf 91' lang='lat' dir='ltr'><strong>concludi</strong></span> <span class='ocrx_word' id='word_1_73' title='bbox 2091 1479 2536 1568; x_wconf 84' lang='lat' dir='ltr'><strong>intelligeret,</strong></span> <span class='ocrx_word' id='word_1_74' title='bbox 2563 1502 2737 1569; x_wconf 89' lang='lat' dir='ltr'><strong>quos</strong></span> <span class='ocrx_word' id='word_1_75' title='bbox 2768 1504 2799 1544; x_wconf 70' lang='grc' dir='ltr'><strong>ιι</strong></span> <span class='ocrx_word' id='word_1_76' title='bbox 2839 1480 3021 1547; x_wconf 92' lang='lat' dir='ltr'><strong>solos</strong></span> <span class='ocrx_word' id='word_1_77' title='bbox 3047 1480 3202 1569; x_wconf 91' lang='lat' dir='ltr'><strong>phi-</strong></span> 
     </span>
     <span class='ocr_line' id='line_1_10' title="bbox 963 1585 3203 1675; baseline -0 -22"><span class='ocrx_word' id='word_1_78' title='bbox 963 1585 1292 1675; x_wconf 91' lang='lat' dir='ltr'><strong>losophos</strong></span> <span class='ocrx_word' id='word_1_79' title='bbox 1334 1609 1366 1649; x_wconf 75' lang='lat' dir='ltr'><strong>x·</strong></span> <span class='ocrx_word' id='word_1_80' title='bbox 1425 1608 1573 1652; x_wconf 86' lang='lat' dir='ltr'><strong>esse</strong></span> <span class='ocrx_word' id='word_1_81' title='bbox 1631 1586 1983 1654; x_wconf 87' lang='lat' dir='ltr'><strong>interdum</strong></span> <span class='ocrx_word' id='word_1_82' title='bbox 2040 1588 2433 1675; x_wconf 89' lang='lat' dir='ltr'><strong>suspicatus</strong></span> <span class='ocrx_word' id='word_1_83' title='bbox 2483 1593 2588 1653; x_wconf 90' lang='lat' dir='ltr'><strong>est</strong></span> <span class='ocrx_word' id='word_1_84' title='bbox 2634 1587 2749 1674; x_wconf 88' lang='grc'>(3),</span> <span class='ocrx_word' id='word_1_85' title='bbox 2794 1633 2872 1641; x_wconf 93' lang='grc'>-</span> <span class='ocrx_word' id='word_1_86' title='bbox 2916 1586 3001 1653; x_wconf 88' lang='lat' dir='ltr'><strong>ab</strong></span> <span class='ocrx_word' id='word_1_87' title='bbox 3064 1587 3203 1653; x_wconf 87' lang='lat' dir='ltr'><strong>illis</strong></span> 
     </span>
     <span class='ocr_line' id='line_1_11' title="bbox 963 1692 3195 1783; baseline 0 -25"><span class='ocrx_word' id='word_1_88' title='bbox 963 1695 1133 1783; x_wconf 91' lang='lat' dir='ltr'><strong>ipsis</strong></span> <span class='ocrx_word' id='word_1_89' title='bbox 1175 1693 1569 1760; x_wconf 89' lang='lat' dir='ltr'><strong>Stoicorum</strong></span> <span class='ocrx_word' id='word_1_90' title='bbox 1604 1716 1637 1758; x_wconf 81' lang='lat'>‹</span> <span class='ocrx_word' id='word_1_91' title='bbox 1689 1693 2135 1760; x_wconf 78' lang='lat' dir='ltr'><strong>consectariis</strong></span> <span class='ocrx_word' id='word_1_92' title='bbox 2188 1717 2219 1757; x_wconf 72' lang='grc' dir='ltr'><strong>ι)</strong></span> <span class='ocrx_word' id='word_1_93' title='bbox 2264 1716 2419 1759; x_wconf 90' lang='lat' dir='ltr'><strong>eam</strong></span> <span class='ocrx_word' id='word_1_94' title='bbox 2458 1716 2490 1757; x_wconf 67' lang='grc' dir='ltr'>ε</span> <span class='ocrx_word' id='word_1_95' title='bbox 2534 1715 2737 1759; x_wconf 90' lang='lat' dir='ltr'><strong>verae</strong></span> <span class='ocrx_word' id='word_1_96' title='bbox 2770 1692 2997 1760; x_wconf 88' lang='lat' dir='ltr'><strong>laudis</strong></span> <span class='ocrx_word' id='word_1_97' title='bbox 3034 1717 3065 1758; x_wconf 83' lang='lat'><strong>)</strong></span> <span class='ocrx_word' id='word_1_98' title='bbox 3102 1693 3195 1783; x_wconf 76' lang='grc'>(4)</span> 
     </span>
     <span class='ocr_line' id='line_1_12' title="bbox 955 1791 3187 1889; baseline -0.001 -22"><span class='ocrx_word' id='word_1_99' title='bbox 955 1822 1113 1867; x_wconf 85' lang='lat' dir='ltr'><strong>cum</strong></span> <span class='ocrx_word' id='word_1_100' title='bbox 1146 1801 1400 1867; x_wconf 88' lang='lat' dir='ltr'><strong>virtute</strong></span> <span class='ocrx_word' id='word_1_101' title='bbox 1430 1801 1628 1889; x_wconf 87' lang='lat' dir='ltr'><strong>quasi</strong></span> <span class='ocrx_word' id='word_1_102' title='bbox 1660 1800 2169 1881; x_wconf 87' lang='lat' dir='ltr'><strong>confusionem,</strong></span> <span class='ocrx_word' id='word_1_103' title='bbox 2224 1822 2362 1889; x_wconf 90' lang='lat' dir='ltr'><strong>qua</strong></span> <span class='ocrx_word' id='word_1_104' title='bbox 2394 1821 2530 1865; x_wconf 89' lang='lat' dir='ltr'><strong>non</strong></span> <span class='ocrx_word' id='word_1_105' title='bbox 2563 1800 2778 1866; x_wconf 91' lang='lat' dir='ltr'><strong>semel</strong></span> <span class='ocrx_word' id='word_1_106' title='bbox 2825 1806 2899 1866; x_wconf 90' lang='lat' dir='ltr'><strong>ut</strong></span> <span class='ocrx_word' id='word_1_107' title='bbox 2954 1791 3187 1866; x_wconf 80' lang='lat' dir='ltr'><strong>orator</strong></span> 
     </span>
     <span class='ocr_line' id='line_1_13' title="bbox 963 1905 3202 1997; baseline -0.001 -24"><span class='ocrx_word' id='word_1_108' title='bbox 963 1906 1392 1997; x_wconf 88' lang='lat' dir='ltr'><strong>populariter</strong></span> <span class='ocrx_word' id='word_1_109' title='bbox 1430 1929 1597 1974; x_wconf 90' lang='lat' dir='ltr'><strong>usus</strong></span> <span class='ocrx_word' id='word_1_110' title='bbox 1629 1914 1756 1988; x_wconf 88' lang='lat' dir='ltr'><strong>est,</strong></span> <span class='ocrx_word' id='word_1_111' title='bbox 1795 1912 2105 1996; x_wconf 85' lang='lat' dir='ltr'><strong>repetere</strong></span> <span class='ocrx_word' id='word_1_112' title='bbox 2133 1905 2231 1995; x_wconf 82' lang='lat'><strong>(5)</strong></span> <span class='ocrx_word' id='word_1_113' title='bbox 2277 1929 2348 1973; x_wconf 91' lang='lat' dir='ltr'><strong>se</strong></span> <span class='ocrx_word' id='word_1_114' title='bbox 2391 1906 2679 1973; x_wconf 78' lang='lat' dir='ltr'><strong>forsitan</strong></span> <span class='ocrx_word' id='word_1_115' title='bbox 2710 1906 2842 1973; x_wconf 89' lang='lat' dir='ltr'><strong>sibi</strong></span> <span class='ocrx_word' id='word_1_116' title='bbox 2884 1907 3202 1973; x_wconf 86' lang='lat' dir='ltr'><strong>conscius</strong></span> 
     </span>
     <span class='ocr_line' id='line_1_14' title="bbox 964 2014 1200 2081; baseline 0.004 -2"><span class='ocrx_word' id='word_1_117' title='bbox 964 2014 1200 2081; x_wconf 88' lang='lat' dir='ltr'><strong>fuerit.</strong></span> 
     </span>
    </p>
   </div>
   <div class='ocr_carea' id='block_1_3' title="bbox 967 2256 3211 2965">
    <p class='ocr_par' dir='ltr' id='par_1_3' title="bbox 967 2256 3211 2681">
     <span class='ocr_line' id='line_1_15' title="bbox 1031 2256 3208 2322; baseline -0.002 -13"><span class='ocrx_word' id='word_1_118' title='bbox 1031 2262 1096 2322; x_wconf 69' lang='grc'>(1)</span> <span class='ocrx_word' id='word_1_119' title='bbox 1130 2260 1205 2309; x_wconf 90' lang='lat' dir='ltr'><strong>Cf.</strong></span> <span class='ocrx_word' id='word_1_120' title='bbox 1234 2260 1311 2308; x_wconf 85' lang='lat' dir='ltr'><strong>De</strong></span> <span class='ocrx_word' id='word_1_121' title='bbox 1339 2260 1511 2309; x_wconf 81' lang='lat' dir='ltr'><strong>Finib.</strong></span> <span class='ocrx_word' id='word_1_122' title='bbox 1543 2261 1632 2321; x_wconf 89' lang='lat'><strong>111,</strong></span> <span class='ocrx_word' id='word_1_123' title='bbox 1651 2263 1811 2320; x_wconf 84' lang='lat'><strong>27-28,</strong></span> <span class='ocrx_word' id='word_1_124' title='bbox 1835 2260 1931 2310; x_wconf 87' lang='lat' dir='ltr'><strong>ubi</strong></span> <span class='ocrx_word' id='word_1_125' title='bbox 1951 2260 2085 2309; x_wconf 88' lang='lat' dir='ltr'><strong>haec</strong></span> <span class='ocrx_word' id='word_1_126' title='bbox 2131 2279 2151 2301; x_wconf 71' lang='grc' dir='ltr'>ι</span> <span class='ocrx_word' id='word_1_127' title='bbox 2187 2257 2492 2308; x_wconf 91' lang='lat' dir='ltr'><strong>Stoicorum</strong></span> <span class='ocrx_word' id='word_1_128' title='bbox 2525 2256 2864 2305; x_wconf 87' lang='lat' dir='ltr'><strong>consectaria</strong></span> <span class='ocrx_word' id='word_1_129' title='bbox 2889 2270 2913 2302; x_wconf 80' lang='lat'><strong>»</strong></span> <span class='ocrx_word' id='word_1_130' title='bbox 2947 2256 3208 2305; x_wconf 89' lang='lat' dir='ltr'><strong>Catonem</strong></span> 
     </span>
     <span class='ocr_line' id='line_1_16' title="bbox 971 2328 3210 2396; baseline -0.003 -15"><span class='ocrx_word' id='word_1_131' title='bbox 971 2335 1331 2396; x_wconf 81' lang='lat' dir='ltr'><strong>exponentem</strong></span> <span class='ocrx_word' id='word_1_132' title='bbox 1380 2332 1547 2393; x_wconf 79' lang='lat' dir='ltr'><strong>iacit3</strong></span> <span class='ocrx_word' id='word_1_133' title='bbox 1579 2347 1707 2382; x_wconf 90' lang='lat' dir='ltr'><strong>nam</strong></span> <span class='ocrx_word' id='word_1_134' title='bbox 1746 2332 1891 2396; x_wconf 89' lang='lat' dir='ltr'><strong>quod</strong></span> <span class='ocrx_word' id='word_1_135' title='bbox 1924 2332 1982 2380; x_wconf 93' lang='lat' dir='ltr'><strong>in</strong></span> <span class='ocrx_word' id='word_1_136' title='bbox 2010 2330 2103 2379; x_wconf 89' lang='lat' dir='ltr'><strong>lib.</strong></span> <span class='ocrx_word' id='word_1_137' title='bbox 2143 2330 2227 2388; x_wconf 93' lang='lat' dir='ltr'><strong>IV,</strong></span> <span class='ocrx_word' id='word_1_138' title='bbox 2263 2332 2433 2387; x_wconf 80' lang='lat'><strong>49—51,</strong></span> <span class='ocrx_word' id='word_1_139' title='bbox 2465 2342 2652 2378; x_wconf 88' lang='lat' dir='ltr'><strong>eorum</strong></span> <span class='ocrx_word' id='word_1_140' title='bbox 2682 2328 3210 2391; x_wconf 85' lang='lat' dir='ltr'><strong>argumentationem</strong></span> 
     </span>
     <span class='ocr_line' id='line_1_17' title="bbox 967 2401 3207 2468; baseline -0.004 -14"><span class='ocrx_word' id='word_1_141' title='bbox 967 2407 1086 2468; x_wconf 91' lang='lat' dir='ltr'><strong>ipse</strong></span> <span class='ocrx_word' id='word_1_142' title='bbox 1112 2402 1297 2452; x_wconf 89' lang='lat' dir='ltr'><strong>irridet</strong></span> <span class='ocrx_word' id='word_1_143' title='bbox 1325 2418 1387 2452; x_wconf 86' lang='lat' dir='ltr'><strong>ac</strong></span> <span class='ocrx_word' id='word_1_144' title='bbox 1420 2404 1781 2468; x_wconf 85' lang='lat' dir='ltr'><strong>reprehendit,</strong></span> <span class='ocrx_word' id='word_1_145' title='bbox 1815 2417 1907 2453; x_wconf 88' lang='lat' dir='ltr'><strong>eas</strong></span> <span class='ocrx_word' id='word_1_146' title='bbox 1938 2406 2122 2451; x_wconf 88' lang='lat' dir='ltr'><strong>tamen</strong></span> <span class='ocrx_word' id='word_1_147' title='bbox 2164 2401 2479 2458; x_wconf 85' lang='lat' dir='ltr'><strong>sententiaS‚</strong></span> <span class='ocrx_word' id='word_1_148' title='bbox 2508 2414 2642 2463; x_wconf 87' lang='lat' dir='ltr'><strong>quas</strong></span> <span class='ocrx_word' id='word_1_149' title='bbox 2682 2414 2746 2449; x_wconf 86' lang='lat' dir='ltr'><strong>ex</strong></span> <span class='ocrx_word' id='word_1_150' title='bbox 2776 2401 2890 2448; x_wconf 88' lang='lat' dir='ltr'><strong>tota</strong></span> <span class='ocrx_word' id='word_1_151' title='bbox 2919 2412 3207 2462; x_wconf 84' lang='lat' dir='ltr'><strong>argumen-</strong></span> 
     </span>
     <span class='ocr_line' id='line_1_18' title="bbox 968 2470 3209 2538; baseline -0.004 -13"><span class='ocrx_word' id='word_1_152' title='bbox 968 2476 1175 2525; x_wconf 86' lang='lat' dir='ltr'><strong>tatione</strong></span> <span class='ocrx_word' id='word_1_153' title='bbox 1208 2475 1308 2524; x_wconf 90' lang='lat' dir='ltr'><strong>hoc</strong></span> <span class='ocrx_word' id='word_1_154' title='bbox 1338 2476 1456 2523; x_wconf 92' lang='lat' dir='ltr'><strong>loco</strong></span> <span class='ocrx_word' id='word_1_155' title='bbox 1488 2476 1633 2524; x_wconf 76' lang='lat' dir='ltr'><strong>solas</strong></span> <span class='ocrx_word' id='word_1_156' title='bbox 1661 2475 2019 2538; x_wconf 73' lang='lat' dir='ltr'><strong>excerpimUS,</strong></span> <span class='ocrx_word' id='word_1_157' title='bbox 2049 2475 2101 2521; x_wconf 90' lang='lat' dir='ltr'><strong>et</strong></span> <span class='ocrx_word' id='word_1_158' title='bbox 2130 2473 2245 2535; x_wconf 87' lang='lat' dir='ltr'><strong>ipse</strong></span> <span class='ocrx_word' id='word_1_159' title='bbox 2276 2471 2527 2520; x_wconf 88' lang='lat' dir='ltr'><strong>concedit</strong></span> <span class='ocrx_word' id='word_1_160' title='bbox 2556 2473 2609 2520; x_wconf 90' lang='lat' dir='ltr'><strong>et</strong></span> <span class='ocrx_word' id='word_1_161' title='bbox 2638 2470 2705 2520; x_wconf 93' lang='lat' dir='ltr'><strong>ab</strong></span> <span class='ocrx_word' id='word_1_162' title='bbox 2749 2470 3005 2519; x_wconf 89' lang='lat' dir='ltr'><strong>omnibus</strong></span> <span class='ocrx_word' id='word_1_163' title='bbox 3030 2470 3209 2534; x_wconf 90' lang='lat' dir='ltr'><strong>philo-</strong></span> 
     </span>
     <span class='ocr_line' id='line_1_19' title="bbox 973 2542 3211 2610; baseline -0.002 -15"><span class='ocrx_word' id='word_1_164' title='bbox 973 2546 1175 2610; x_wconf 89' lang='lat' dir='ltr'><strong>sophis,</strong></span> <span class='ocrx_word' id='word_1_165' title='bbox 1213 2574 1273 2582; x_wconf 97' lang='lat'>—</span> <span class='ocrx_word' id='word_1_166' title='bbox 1310 2548 1521 2609; x_wconf 83' lang='lat' dir='ltr'><strong>praeter</strong></span> <span class='ocrx_word' id='word_1_167' title='bbox 1550 2561 1643 2596; x_wconf 90' lang='lat' dir='ltr'><strong>eos</strong></span> <span class='ocrx_word' id='word_1_168' title='bbox 1681 2565 1702 2592; x_wconf 67' lang='grc' dir='ltr'>ι</span> <span class='ocrx_word' id='word_1_169' title='bbox 1742 2546 1939 2610; x_wconf 86' lang='lat' dir='ltr'><strong>quibus</strong></span> <span class='ocrx_word' id='word_1_170' title='bbox 1976 2557 2253 2593; x_wconf 89' lang='lat' dir='ltr'><strong>summum</strong></span> <span class='ocrx_word' id='word_1_171' title='bbox 2285 2544 2491 2591; x_wconf 86' lang='lat' dir='ltr'><strong>bonum</strong></span> <span class='ocrx_word' id='word_1_172' title='bbox 2524 2543 2639 2591; x_wconf 89' lang='lat' dir='ltr'><strong>sine</strong></span> <span class='ocrx_word' id='word_1_173' title='bbox 2665 2543 2862 2591; x_wconf 86' lang='lat' dir='ltr'><strong>virtute</strong></span> <span class='ocrx_word' id='word_1_174' title='bbox 2883 2544 2965 2591; x_wconf 90' lang='lat' dir='ltr'><strong>est</strong></span> <span class='ocrx_word' id='word_1_175' title='bbox 2996 2562 3038 2600; x_wconf 84' lang='lat'><strong>»‚</strong></span> <span class='ocrx_word' id='word_1_176' title='bbox 3068 2542 3211 2591; x_wconf 89' lang='lat' dir='ltr'><strong>sicut</strong></span> 
     </span>
     <span class='ocr_line' id='line_1_20' title="bbox 972 2614 3021 2681; baseline -0.002 -15"><span class='ocrx_word' id='word_1_177' title='bbox 972 2619 1266 2681; x_wconf 86' lang='lat' dir='ltr'><strong>Epicurum</strong></span> <span class='ocrx_word' id='word_1_178' title='bbox 1285 2621 1338 2667; x_wconf 89' lang='lat' dir='ltr'><strong>et</strong></span> <span class='ocrx_word' id='word_1_179' title='bbox 1367 2618 1524 2678; x_wconf 86' lang='lat' dir='ltr'><strong>alios,</strong></span> <span class='ocrx_word' id='word_1_180' title='bbox 1556 2646 1616 2654; x_wconf 97' lang='lat'>—</span> <span class='ocrx_word' id='word_1_181' title='bbox 1648 2619 1714 2667; x_wconf 87' lang='lat' dir='ltr'><strong>ab</strong></span> <span class='ocrx_word' id='word_1_182' title='bbox 1746 2616 2081 2666; x_wconf 86' lang='lat' dir='ltr'><strong>Academicis</strong></span> <span class='ocrx_word' id='word_1_183' title='bbox 2112 2614 2373 2664; x_wconf 86' lang='lat' dir='ltr'><strong>videlicet</strong></span> <span class='ocrx_word' id='word_1_184' title='bbox 2395 2614 2649 2674; x_wconf 88' lang='lat' dir='ltr'><strong>maxime,</strong></span> <span class='ocrx_word' id='word_1_185' title='bbox 2686 2614 2909 2663; x_wconf 90' lang='lat' dir='ltr'><strong>concedi</strong></span> <span class='ocrx_word' id='word_1_186' title='bbox 2928 2614 3021 2662; x_wconf 87' lang='lat' dir='ltr'><strong>ait.</strong></span> 
     </span>
    </p>

    <p class='ocr_par' dir='ltr' id='par_1_4' title="bbox 970 2684 3208 2824">
     <span class='ocr_line' id='line_1_21' title="bbox 1035 2684 3208 2751; baseline -0.002 -14"><span class='ocrx_word' id='word_1_187' title='bbox 1035 2690 1105 2750; x_wconf 84' lang='lat'><strong>(2)</strong></span> <span class='ocrx_word' id='word_1_188' title='bbox 1135 2689 1220 2738; x_wconf 91' lang='lat' dir='ltr'><strong>Sic</strong></span> <span class='ocrx_word' id='word_1_189' title='bbox 1246 2689 1414 2739; x_wconf 86' lang='lat' dir='ltr'><strong>Stoici</strong></span> <span class='ocrx_word' id='word_1_190' title='bbox 1440 2689 1788 2751; x_wconf 87' lang='lat' dir='ltr'><strong>potissimum</strong></span> <span class='ocrx_word' id='word_1_191' title='bbox 1806 2687 1874 2737; x_wconf 86' lang='lat' dir='ltr'><strong>ab</strong></span> <span class='ocrx_word' id='word_1_192' title='bbox 1899 2701 1962 2736; x_wconf 91' lang='lat' dir='ltr'><strong>eo</strong></span> <span class='ocrx_word' id='word_1_193' title='bbox 1982 2701 2093 2736; x_wconf 90' lang='lat' dir='ltr'><strong>non</strong></span> <span class='ocrx_word' id='word_1_194' title='bbox 2115 2684 2282 2735; x_wconf 89' lang='lat' dir='ltr'><strong>semel</strong></span> <span class='ocrx_word' id='word_1_195' title='bbox 2303 2684 2762 2748; x_wconf 65' lang='lat' dir='ltr'><strong>designanturfflf.</strong></span> <span class='ocrx_word' id='word_1_196' title='bbox 2785 2698 2947 2747; x_wconf 88' lang='lat' dir='ltr'><strong>supra</strong></span> <span class='ocrx_word' id='word_1_197' title='bbox 2964 2687 3208 2733; x_wconf 85' lang='lat' dir='ltr'><strong>nostram</strong></span> 
     </span>
     <span class='ocr_line' id='line_1_22' title="bbox 970 2761 1566 2824; baseline -0.002 -15"><span class='ocrx_word' id='word_1_198' title='bbox 970 2764 1108 2824; x_wconf 86' lang='lat' dir='ltr'><strong>part.</strong></span> <span class='ocrx_word' id='word_1_199' title='bbox 1142 2761 1180 2818; x_wconf 92' lang='grc' dir='ltr'><strong>Ι,</strong></span> <span class='ocrx_word' id='word_1_200' title='bbox 1212 2774 1262 2823; x_wconf 93' lang='lat' dir='ltr'><strong>p.</strong></span> <span class='ocrx_word' id='word_1_201' title='bbox 1301 2762 1380 2819; x_wconf 84' lang='lat'><strong>52,</strong></span> <span class='ocrx_word' id='word_1_202' title='bbox 1405 2774 1458 2809; x_wconf 91' lang='lat' dir='ltr'><strong>n.</strong></span> <span class='ocrx_word' id='word_1_203' title='bbox 1497 2763 1566 2814; x_wconf 86' lang='grc'>4).</span> 
     </span>
    </p>

    <p class='ocr_par' dir='ltr' id='par_1_5' title="bbox 1035 2829 1970 2894">
     <span class='ocr_line' id='line_1_23' title="bbox 1035 2829 1970 2894; baseline -0.003 -14"><span class='ocrx_word' id='word_1_204' title='bbox 1035 2834 1100 2894; x_wconf 92' lang='grc'><strong>(3)</strong></span> <span class='ocrx_word' id='word_1_205' title='bbox 1129 2830 1204 2880; x_wconf 87' lang='lat' dir='ltr'><strong>Ct&#39;.</strong></span> <span class='ocrx_word' id='word_1_206' title='bbox 1237 2829 1444 2880; x_wconf 84' lang='lat' dir='ltr'><strong>Tuscul.</strong></span> <span class='ocrx_word' id='word_1_207' title='bbox 1472 2832 1557 2891; x_wconf 93' lang='lat' dir='ltr'><strong>IV,</strong></span> <span class='ocrx_word' id='word_1_208' title='bbox 1591 2834 1649 2880; x_wconf 84' lang='lat'><strong>53</strong></span> <span class='ocrx_word' id='word_1_209' title='bbox 1674 2846 1686 2891; x_wconf 82' lang='lat'>3</span> <span class='ocrx_word' id='word_1_210' title='bbox 1713 2857 1773 2867; x_wconf 97' lang='lat'><strong>—</strong></span> <span class='ocrx_word' id='word_1_211' title='bbox 1800 2830 1861 2886; x_wconf 84' lang='lat' dir='ltr'><strong>V.</strong></span> <span class='ocrx_word' id='word_1_212' title='bbox 1893 2832 1970 2878; x_wconf 85' lang='lat'><strong>46.</strong></span> 
     </span>
    </p>

    <p class='ocr_par' dir='ltr' id='par_1_6' title="bbox 1033 2896 3207 2965">
     <span class='ocr_line' id='line_1_24' title="bbox 1033 2896 3207 2965; baseline -0.002 -14"><span class='ocrx_word' id='word_1_213' title='bbox 1033 2903 1100 2965; x_wconf 88' lang='lat'><strong>(4)</strong></span> <span class='ocrx_word' id='word_1_214' title='bbox 1126 2903 1188 2951; x_wconf 83' lang='lat' dir='ltr'><strong>Cf</strong></span> <span class='ocrx_word' id='word_1_215' title='bbox 1244 2903 1302 2952; x_wconf 93' lang='lat' dir='ltr'><strong>P.</strong></span> <span class='ocrx_word' id='word_1_216' title='bbox 1338 2901 1612 2962; x_wconf 78' lang='lat' dir='ltr'><strong>Marcello,</strong></span> <span class='ocrx_word' id='word_1_217' title='bbox 1641 2904 1734 2963; x_wconf 79' lang='lat'><strong>193</strong></span> <span class='ocrx_word' id='word_1_218' title='bbox 1763 2902 1820 2949; x_wconf 89' lang='lat' dir='ltr'><strong>P.</strong></span> <span class='ocrx_word' id='word_1_219' title='bbox 1851 2900 2042 2958; x_wconf 63' lang='lat' dir='ltr'><strong>Sea-tic,</strong></span> <span class='ocrx_word' id='word_1_220' title='bbox 2070 2900 2193 2959; x_wconf 78' lang='lat'><strong>1383</strong></span> <span class='ocrx_word' id='word_1_221' title='bbox 2225 2900 2328 2947; x_wconf 85' lang='lat' dir='ltr'><strong>Pro</strong></span> <span class='ocrx_word' id='word_1_222' title='bbox 2362 2897 2416 2947; x_wconf 89' lang='lat' dir='ltr'><strong>C.</strong></span> <span class='ocrx_word' id='word_1_223' title='bbox 2449 2896 2681 2957; x_wconf 72' lang='lat' dir='ltr'><strong>Rabirio,</strong></span> <span class='ocrx_word' id='word_1_224' title='bbox 2712 2900 2773 2946; x_wconf 84' lang='lat'><strong>29</strong></span> <span class='ocrx_word' id='word_1_225' title='bbox 2817 2898 2863 2959; x_wconf 92' lang='lat'><strong>(«</strong></span> <span class='ocrx_word' id='word_1_226' title='bbox 2892 2912 3019 2948; x_wconf 90' lang='lat' dir='ltr'><strong>cum</strong></span> <span class='ocrx_word' id='word_1_227' title='bbox 3048 2896 3207 2947; x_wconf 86' lang='lat' dir='ltr'><strong>laude</strong></span> 
     </span>
    </p>
   </div>
   <div class='ocr_carea' id='block_1_4' title="bbox 968 2970 3207 3177">
    <p class='ocr_par' dir='ltr' id='par_1_7' title="bbox 968 2970 3207 3177">
     <span class='ocr_line' id='line_1_25' title="bbox 968 2970 2839 3036; baseline -0.001 -13"><span class='ocrx_word' id='word_1_228' title='bbox 968 2988 1030 3023; x_wconf 90' lang='lat' dir='ltr'><strong>ac</strong></span> <span class='ocrx_word' id='word_1_229' title='bbox 1053 2975 1270 3036; x_wconf 82' lang='lat' dir='ltr'><strong>virtute)</strong></span> <span class='ocrx_word' id='word_1_230' title='bbox 1297 2987 1309 3033; x_wconf 91' lang='grc'><strong>;</strong></span> <span class='ocrx_word' id='word_1_231' title='bbox 1339 3001 1400 3012; x_wconf 92' lang='lat'><strong>—·</strong></span> <span class='ocrx_word' id='word_1_232' title='bbox 1424 2976 1490 3023; x_wconf 89' lang='lat' dir='ltr'><strong>P.</strong></span> <span class='ocrx_word' id='word_1_233' title='bbox 1528 2973 1749 3032; x_wconf 78' lang='lat' dir='ltr'><strong>Archia,</strong></span> <span class='ocrx_word' id='word_1_234' title='bbox 1781 2974 1838 3021; x_wconf 85' lang='lat'><strong>14</strong></span> <span class='ocrx_word' id='word_1_235' title='bbox 1876 2973 1917 3035; x_wconf 88' lang='lat'><strong>(«</strong></span> <span class='ocrx_word' id='word_1_236' title='bbox 1952 2971 2170 3021; x_wconf 87' lang='lat' dir='ltr'><strong>laudem</strong></span> <span class='ocrx_word' id='word_1_237' title='bbox 2197 2972 2358 3033; x_wconf 84' lang='lat' dir='ltr'><strong>atque</strong></span> <span class='ocrx_word' id='word_1_238' title='bbox 2389 2970 2739 3018; x_wconf 87' lang='lat' dir='ltr'><strong>honestatem</strong></span> <span class='ocrx_word' id='word_1_239' title='bbox 2767 2970 2839 3031; x_wconf 72' lang='grc' dir='ltr'>υ).</span> 
     </span>
     <span class='ocr_line' id='line_1_26' title="bbox 1030 3040 3207 3108; baseline -0.003 -15"><span class='ocrx_word' id='word_1_240' title='bbox 1030 3047 1098 3108; x_wconf 83' lang='grc'>(5)</span> <span class='ocrx_word' id='word_1_241' title='bbox 1126 3046 1274 3095; x_wconf 86' lang='lat' dir='ltr'><strong>Sicut</strong></span> <span class='ocrx_word' id='word_1_242' title='bbox 1302 3060 1366 3095; x_wconf 87' lang='lat' dir='ltr'><strong>ea</strong></span> <span class='ocrx_word' id='word_1_243' title='bbox 1393 3046 1516 3108; x_wconf 87' lang='lat' dir='ltr'><strong>ipsa</strong></span> <span class='ocrx_word' id='word_1_244' title='bbox 1551 3064 1571 3088; x_wconf 89' lang='lat'>«</span> <span class='ocrx_word' id='word_1_245' title='bbox 1606 3045 1868 3094; x_wconf 87' lang='lat' dir='ltr'><strong>rhetorice</strong></span> <span class='ocrx_word' id='word_1_246' title='bbox 1925 3045 1979 3092; x_wconf 88' lang='lat' dir='ltr'><strong>et</strong></span> <span class='ocrx_word' id='word_1_247' title='bbox 2011 3043 2196 3105; x_wconf 85' lang='lat' dir='ltr'><strong>augeri</strong></span> <span class='ocrx_word' id='word_1_248' title='bbox 2230 3043 2285 3091; x_wconf 86' lang='lat' dir='ltr'><strong>et</strong></span> <span class='ocrx_word' id='word_1_249' title='bbox 2333 3040 2514 3089; x_wconf 90' lang='lat' dir='ltr'><strong>ornari</strong></span> <span class='ocrx_word' id='word_1_250' title='bbox 2551 3054 2710 3104; x_wconf 90' lang='lat' dir='ltr'><strong>posse</strong></span> <span class='ocrx_word' id='word_1_251' title='bbox 2745 3059 2767 3084; x_wconf 82' lang='lat'>»</span> <span class='ocrx_word' id='word_1_252' title='bbox 2802 3040 3098 3100; x_wconf 85' lang='lat' dir='ltr'><strong>indicabat,</strong></span> <span class='ocrx_word' id='word_1_253' title='bbox 3137 3041 3207 3087; x_wconf 85' lang='lat' dir='ltr'><strong>De</strong></span> 
     </span>
     <span class='ocr_line' id='line_1_27' title="bbox 970 3116 1978 3177; baseline -0.001 -13"><span class='ocrx_word' id='word_1_254' title='bbox 970 3117 1139 3167; x_wconf 76' lang='lat' dir='ltr'><strong>Finib.</strong></span> <span class='ocrx_word' id='word_1_255' title='bbox 1174 3117 1263 3177; x_wconf 89' lang='lat'><strong>111,</strong></span> <span class='ocrx_word' id='word_1_256' title='bbox 1286 3118 1362 3166; x_wconf 82' lang='lat'><strong>26.</strong></span> <span class='ocrx_word' id='word_1_257' title='bbox 1399 3116 1475 3166; x_wconf 79' lang='lat' dir='ltr'><strong>Cf.</strong></span> <span class='ocrx_word' id='word_1_258' title='bbox 1507 3116 1709 3165; x_wconf 71' lang='lat' dir='ltr'><strong>Par-ad.</strong></span> <span class='ocrx_word' id='word_1_259' title='bbox 1737 3118 1978 3163; x_wconf 85' lang='lat' dir='ltr'><strong>Prooem.</strong></span> 
     </span>
    </p>
   </div>
  </div>
 </body>
</html>
