3742 5167
806 546 979 647 ..53-

336 712 371 778 in
390 711 526 779 curiam
543 710 587 800 (1)
610 738 640 777 ».
668 710 747 785 Sed,
766 710 827 799 qui
848 709 977 777 Catone
997 709 1158 778 audiente
1178 710 1261 777 talia
1281 710 1453 779 disseren-

334 823 404 885 tem
421 839 457 885 se
471 814 632 899 faciebat,
646 815 737 884 idem
751 816 906 905 ejusdem
919 815 1061 884 Catonis
1073 817 1234 906 exemplo
1245 817 1452 907 proferendo

333 924 419 991 alias
440 923 629 1004 fatebatur,
651 921 693 990 ab
722 930 858 991 oratore
879 922 970 989 effici
991 931 1109 1012 posse,¹
1134 930 1173 991 ut
1197 925 1292 1013 ipsae
1320 925 1451 992 Stoico·

335 1052 413 1097 rum
441 1031 633 1098 sententiae
657 1029 699 1097 ad
715 1052 819 1097 usum
846 1030 1051 1120 popularem
1083 1037 1117 1097 et
1136 1030 1275 1098 civilem
1299 1031 1450 1121 quodam

333 1137 435 1204 modo
456 1136 802 1205 accommodarentur
825 1136 944 1203 :huuc
968 1138 1061 1202 enim
1083 1136 1261 1223 Catonem,
1278 1178 1321 1187 —
1349 1137 1451 1228 cujus

262 1284 267 1287 -
331 1246 468 1312 dicendi
482 1245 683 1312 facultatem
699 1250 866 1334 tanquam
887 1244 1103 1334 singularem
1127 1246 1164 1311 in
1179 1244 1293 1312 Stoico
1308 1244 1450 1312 homine

332 1374 444 1441 neque
465 1374 546 1419 sane
567 1351 799 1418 aStoicorum
819 1351 1002 1439 disciplina
1021 1356 1196 1441 acceptam
1221 1350 1270 1441 (2)
1286 1352 1321 1417 in
1343 1354 1448 1418 Bruto

330 1458 504 1531 laudabat.
536 1497 577 1507 -
603 1459 638 1524 in
661 1488 675 1519 α
700 1464 900 1539 Παραδόξων»
933 1459 1111 1548 prooemio
1145 1460 1446 1538 commemoravit,

334 1595 348 1627 a
369 1567 404 1631 in
432 1573 553 1632 senatu
574 1566 666 1633 locos
681 1589 804 1655 graves
825 1589 865 1633 ex
886 1564 1110 1655 philosophia
1129 1571 1277 1633 tractare
1306 1566 1448 1632 solitum

330 1694 404 1740 esse
420 1671 645 1739 abhorrentes
670 1670 711 1736 ab
734 1693 799 1736 usu
818 1670 949 1737 forensi
965 1675 1000 1735 et
1019 1669 1158 1758 publico
1176 1698 1207 1751 a,
1228 1669 1289 1737 sed
1310 1669 1445 1737 adhibi·

329 1781 372 1847 tis
399 1780 561 1847 oratoriis
581 1778 796 1845 ornamentis
817 1776 881 1843 hoc
900 1782 1018 1843 tamen
1043 1782 1269 1843 consecutum
1293 1800 1382 1853 esse,
1408 1783 1447 1844 ut

329 1910 380 1964 ea,
399 1909 487 1975 quae
517 1910 584 1953 non
605 1907 687 1952 sane
717 1883 947 1974 probarentur
976 1884 1009 1950 in
1029 1883 1168 1972 vulgus,
1191 1884 1296 1949 etiam
1316 1884 1444 1974 populo

329 1991 521 2081 probabilia
549 1990 694 2057 dicendo
725 1990 846 2056 fierent
866 1989 926 2078 (3).
950 1989 991 2054 ut
1010 2009 1107 2068 ver0,
1129 1990 1214 2056 dum
1239 1991 1316 2079 ipsa
1336 1992 1445 2057 stoica

327 2099 514 2166 verborum
531 2097 701 2165 acerbitas
728 2103 787 2163 aut
804 2095 1025 2185 rejiciebatur
1045 2102 1103 2161 aut
1118 2102 1210 2163 certe
1229 2096 1368 2163 dicendi
1389 2119 1444 2162 or-

325 2206 499 2271 namentis
516 2205 614 2293 quasi
626 2203 781 2270 involuta
794 2202 1061 2287 obtundebatur,
1072 2203 1324 2270 extenuabatur
1339 2204 1443 2270 etiam

325 2310 358 2377 id
377 2312 506 2401 ipsum,
538 2332 606 2399 quo
627 2333 768 2378 omnem
795 2311 993 2377 Stoicorum
1019 2333 1038 2375 a
1058 2311 1298 2399 Peripateticis
1318 2309 1444 2377 discre-

273 2479 275 2481 ,
326 2420 481 2508 pantiam
499 2418 616 2485 Cicero
640 2411 763 2485 referri
791 2416 955 2485 volebat:
975 2416 1227 2506 quodquidam
1257 2418 1306 2485 ita
1335 2418 1442 2484 fuisse

324 2527 398 2615 ipse
420 2526 536 2592 Cicero
558 2526 730 2615 significat
757 2526 793 2590 in
822 2530 947 2611 quarto
963 2523 1004 2589 de
1031 2522 1177 2605 Finibus,
1200 2523 1272 2605 ubi,
1290 2548 1378 2613 quae
1400 2525 1441 2592 de

324 2630 510 2701 verborum
527 2630 569 2698 ab
586 2654 651 2697 usu
669 2632 826 2721 populari
843 2629 1109 2697 abhorrentium
1146 2658 1154 2693 i
1175 2632 1370 2698 inanitate»
1393 2632 1441 2721 (1)

325 2737 444 2806 Catoni
464 2737 660 2804 Stoicorum
677 2741 822 2824 patrono
847 2734 977 2823 objicit,
996 2756 1035 2799 ea
1052 2733 1120 2800 huc
1135 2736 1319 2817 convertit,
1347 2737 1438 2825 quod

327 2833 436 2911 «ista
466 2842 687 2934 philosophia
717 2842 894 2908 communi
916 2862 1013 2907 more
1038 2840 1075 2905 in
1100 2841 1173 2908 foro
1194 2843 1370 2931 loquatur,
1400 2844 1436 2909 in

321 2951 448 3019 libellis
473 2974 534 3018 suo
555 2951 602 3040 (5)
621 2975 663 3033 »3
690 2970 803 3037 neque
830 2949 937 3036 igitur
960 2953 1090 3012 temere
1107 2948 1143 3013 in
1170 2949 1322 3022 secundo
1346 2947 1437 3016 libro

320 3060 571 3149 Epicureorum
591 3056 784 3137 sententiis,
807 3076 893 3142 quas
912 3076 956 3119 ne
980 3074 1062 3117 suos
1090 3053 1230 3141 quidem
1251 3060 1437 3122 sectatores

319 3166 353 3231 in
385 3165 539 3254 publicos
565 3169 757 3230 conventus
787 3160 942 3249 proferre
969 3181 1116 3225 ausuros
1137 3182 1212 3227 esse
1244 3160 1435 3243 contendit,

320 3272 514 3362 opponebat
528 3303 540 3325 ιι
551 3270 622 3351 illa,
634 3291 723 3359 quae
738 3266 975 3355 Peripatetici,
986 3286 1074 3353 quae
1088 3266 1193 3332 Stoici
1207 3267 1326 3334 dicunt
1343 3268 1387 3355 (6)
1402 3296 1433 3346 »,

320 3379 463 3470 proinde
477 3379 575 3469 quasi
595 3384 824 3461 utrorumque
849 3372 1039 3440 sententiae
1063 3373 1245 3461 conjuncte
1273 3373 1315 3440 ad
1331 3397 1434 3440 usum

319 3486 492 3553 forensem
518 3483 665 3574 proferri
691 3488 724 3548 et
751 3485 890 3569 possent
923 3485 956 3545 et
989 3476 1150 3546 solerent.
1182 3480 1252 3546 Nec
1285 3502 1367 3548 vero
1392 3481 1434 3548 ad

317 3599 473 3659 nostram
500 3590 726 3679 scriptionem
752 3588 867 3671 refert,
898 3587 1100 3653 Ciceronem
1127 3585 1168 3654 de
1193 3588 1390 3654 Stoicorum
1414 3610 1434 3654 a

347 3838 384 3900 (1)
399 3836 440 3886 Cf.
460 3837 497 3884 De
512 3833 609 3892 ricta,
621 3834 663 3892 iv,
676 3835 713 3881 at.

350 3910 381 3971 (2)
397 3907 446 3957 Sed
460 3922 473 3956 u
489 3922 504 3957 a
519 3906 625 3955 dicendi
640 3905 778 3968 magistris
795 3919 817 3962 o,
843 3906 971 3953 naturam
986 3918 1051 3953 sane
1072 3903 1275 3966 adjuvantibus.
1292 3902 1330 3953 Cf.
1346 3906 1430 3964 Brut,

317 3981 361 4028 119
378 3980 421 4035 tcf.
439 3993 529 4042 supra,
546 3992 572 4041 p.
589 3978 638 4039 19).

348 4052 379 4112 (3)
394 4052 456 4113 Ipsa
467 4050 591 4100 Tulliana
600 4048 683 4097 verba
697 4048 865 4109 excerpimus
880 4060 912 4094 ex
925 4047 1056 4095 l'urodox.
1068 4048 1217 4110 prooemio,
1231 4048 1281 4096 1-3.

348 4124 381 4182 tt)
393 4122 467 4171 Sicut
477 4120 542 4169 dicit
554 4122 592 4169 De
604 4118 681 4167 Finit
695 4155 701 4175 ,
719 4119 761 4174 lv,
778 4120 816 4166 23.
827 4145 856 4151 -
868 4116 925 4165 ild«
943 4115 1179 4166 condemnandam
1194 4118 1276 4166 istam
1288 4118 1431 4167 verborum

314 4194 503 4242 inanitatem»
520 4193 609 4241 Cicero
625 4190 750 4239 hocloco
771 4190 857 4237 utitur
871 4188 957 4252 ipsius
971 4188 1091 4236 Panaetii
1117 4191 1139 4248 t«
1159 4189 1312 4238 Stoicorum
1334 4190 1432 4253 princi-

314 4266 365 4327 pia,
383 4284 394 4307 »
405 4266 436 4313 ut
448 4264 547 4313 dicitur
560 4264 598 4311 Dc
616 4262 745 4317 Dictaea,
761 4260 780 4317 l,
797 4260 869 4317 6311,
887 4259 924 4319 91)
942 4259 1073 4321 exemplo,
1090 4261 1136 4320 qui
1151 4259 1204 4308 alio
1230 4259 1290 4308 loco
1302 4261 1348 4321 (Da
1360 4260 1429 4319 Fica,

314 4335 357 4393 lv,
374 4337 412 4396 19)
429 4334 526 4384 dicitur
540 4338 662 4383 veterum
689 4333 868 4381 Stoicorum«
885 4330 1024 4378 tristitiam
1038 4332 1117 4390 atque
1135 4331 1307 4393 asperitatem
1328 4329 1430 4393 fugisse

313 4421 363 4457 nec
377 4406 553 4456 acerbitatem
568 4405 764 4453 sententiarum
771 4416 821 4451 nec
843 4400 992 4450 disserendi
1007 4400 1098 4462 spinas
1113 4401 1272 4462 probavisse
1289 4419 1310 4450 a.
1332 4400 1380 4463 (Cf.
1398 4401 1430 4450 de

313 4476 409 4526 eodem
424 4490 436 4524 u
453 4475 486 4526 ad
499 4489 579 4525 usum
589 4474 746 4538 popularem
766 4476 845 4536 atque
856 4470 964 4522 civilem
986 4472 1017 4519 de
1039 4471 1177 4534 republica
1192 4471 1376 4531 disserente»,
1391 4474 1429 4521 De

313 4546 463 4611 captanti,
479 4548 526 4608 ll.)

346 4620 377 4681 (5)
392 4620 428 4667 Dc
444 4617 541 4674 rania,
558 4618 601 4674 lV,
612 4618 651 4664 22.

345 4693 378 4751 (6)
394 4687 634 4746 herinii.,11,ta.
652 4687 689 4736 ci.
709 4688 795 4740 Tuae„
812 4685 857 4742 lll,
869 4684 908 4734 51.
