3742 5167
1801 586 2153 651 -68—

861 745 968 815 ter
1005 742 1358 838 singulare
1391 749 1809 839 supplicium
1839 753 2204 843 iii-impios
2271 755 2739 842 excogitatum
2769 754 3095 825 laudabat

864 885 892 917 τι
929 857 1287 947 ‘majorum
1324 858 1741 947 sapientiam
1777 889 1834 945 zu,
1860 860 1981 949 qui
2013 860 2393 928 voluissent
2423 859 2803 951 parricidas
2838 891 2867 925 «
2912 866 3096 931 insui

858 967 926 1029 in
970 965 1278 1031 culleum
1306 965 1504 1032 vivos
1536 972 1743 1055 atque
1782 966 1881 1033 ita
1918 966 1988 1033 in
2040 966 2296 1034 flumen
2346 954 2615 1058 dejici}
2675 991 2689 1038 ε

928 1143 970 1196 Ο
1003 1142 1366 1214 singularem
1396 1142 1769 1213 sapientiam,
1787 1142 2053 1215 judices!
2079 1146 2287 1199 Nonne
2304 1145 2579 1201 videntur
2605 1147 2765 1201 hunc
2787 1138 3091 1217 hominem

857 1248 925 1285 ex
956 1248 1159 1288 rerum
1190 1236 1407 1287 natura
1437 1231 1750 1287 sustulisse
1770 1237 1828 1287 et
1859 1232 2169 1304 eripuisse„
2205 1234 2300 1288 cui
2322 1238 2565 1304 repente
2598 1234 2859 1303 caelum,
2880 1235 3089 1305 sol-em,

855 1337 1073 1391 aquam
1103 1324 1441 1392 terramque
1481 1322 1832 1389 ademerint,
1863 1327 1929 1377 ut
1960 1322 2060 1392 qui
2088 1339 2226 1377 eum
2252 1328 2543 1391 necasset,
2576 1324 2734 1378 unde
2760 1324 2881 1395 ipse
2904 1330 3091 1379 natus

852 1414 1027 1477 esset,
1049 1418 1280 1466 careret
1309 1412 1381 1467 iis
1412 1412 1591 1467 rebus
1622 1412 1923 1479 omnibuS,
1956 1427 2030 1465 ex
2060 1412 2277 1481 quibus
2309 1412 2511 1467 omnia
2542 1421 2681 1468 nata
2711 1429 2839 1468 esse
2872 1414 3088 1469 dicun-

853 1498 988 1553 tur?
1017 1500 1350 1555 Noluerunt
1381 1500 1524 1555 feris
1565 1517 1778 1571 corpus
1808 1500 2091 1572 objicere,
2122 1517 2195 1555 ne
2227 1501 2433 1555 bestiis
2464 1518 2729 1573 quoque,
2764 1519 2916 1573 quae
2956 1507 3088 1557 tan-

853 1595 981 1644 tum
1033 1588 1228 1643 scelus
1285 1589 1638 1660 attigissent,
1679 1588 2135 1644 immanioribus
2164 1594 2507 1656 uteremur;
2541 1606 2662 1645 non
2693 1591 2776 1644 sic
2803 1591 2995 1646 nudos
3026 1592 3086 1647 in

851 1677 1077 1732 flumen
1126 1677 1405 1747 dejicere,
1435 1694 1529 1742 ne,
1564 1694 1698 1733 cum
1743 1675 1922 1733 delati
1954 1683 2156 1733 essent
2184 1678 2246 1732 in
2278 1694 2461 1744 mare,
2496 1668 2693 1749 ipsum
2724 1678 3083 1750 polluerent,

852 1783 972 1837 quo
1014 1771 1213 1821 cetera
1266 1782 1418 1837 quae
1448 1765 1664 1821 violata
1704 1770 1846 1821 sunt
1876 1766 2098 1837 expiari
2129 1770 2453 1838 putantur;
2487 1768 2745 1839 denique
2778 1768 2929 1837 nihil
2965 1774 3085 1825 tam

849 1855 960 1910 vile
992 1872 1186 1927 neque
1210 1858 1329 1911 tam
1359 1855 1596 1927 vulgare
1624 1859 1733 1919 est,
1767 1854 1941 1926 cujus
1969 1862 2200 1925 partem
2229 1854 2416 1910 ullam
2446 1854 2817 1927 reliquerint.
2852 1858 3084 1913 Etenim

851 1944 995 2018 quid
1035 1950 1155 1999 tam
1200 1949 1287 1999 est
1340 1960 1658 2001 commune
1700 1946 1880 2014 quam
1936 1943 2182 2015 spiritus
2200 1946 2363 2009 vivis,
2406 1950 2566 1999 terra
2614 1945 2887 2011 mortuiS,
2922 1963 3085 2001 mare

816 2033 1295 2099 >fluctuantibus
1355 2032 1497 2093 litus
1546 2032 1800 2104 ejectis?
1839 2034 1926 2088 Ita
1981 2034 2205 2099 vivunt,
2260 2034 2400 2088 dum
2456 2038 2725 2105 possunt,
2759 2038 2823 2088 ut
2865 2034 3084 2089 ducere

847 2123 1109 2177 animam
1141 2123 1212 2178 de
1253 2122 1417 2178 caelo
1459 2139 1580 2177 non
1611 2128 1852 2193 queant,
1886 2123 1967 2177 ita
2011 2124 2373 2189 moriuntur,
2403 2128 2468 2176 ut
2506 2138 2715 2177 eorum
2756 2138 2888 2178 ossa
2923 2128 3085 2178 terra

847 2228 967 2267 non
1013 2216 1234 2283 tangat,
1278 2212 1359 2267 ita
1400 2212 1707 2280 jactantur
1761 2211 2059 2279 ssuctibuS,
2083 2252 2086 2256 >
2114 2215 2182 2266 ut
2232 2227 2544 2282 nunquam
2604 2210 2944 2279 abluantur,
3001 2212 3083 2267 ita

847 2305 1147 2371 postremo
1181 2301 1527 2372 ejiciuntur,
1553 2306 1619 2355 ut
1635 2318 1710 2356 ne
1742 2302 1816 2356 ad
1836 2317 1978 2356 saxa
2004 2301 2245 2371 quidem
2272 2302 2493 2355 mortui
2520 2301 2949 2371 conquiescant
2979 2301 3078 2372 (1).

914 2476 1137 2562 ‘Hunc
1177 2476 1433 2556 locum,
1469 2476 1602 2543 etsi
1639 2475 2119 2557 notissimum,
2157 2475 2229 2539 in
2258 2477 2567 2540 nostram
2622 2472 3079 2561 scriptionem

843 2584 1195 2674 integrum
1242 2581 1758 2661 transtulimus,
1847 2586 1926 2648 ut
1971 2586 2157 2648 certo
2200 2580 2516 2669 exemplo
2557 2577 2765 2645 allato
2830 2576 3080 2645 abillis

845 2690 1026 2773 lociS,
1087 2689 1172 2757 de
1231 2688 1486 2779 quibus
1540 2688 1967 2778 quaerimuS,
2030 2686 2369 2778 ejusmodi
2422 2684 2869 2775 amplificatio
2937 2687 3077 2775 pri-

845 2819 1038 2863 mum
1087 2806 1562 2886 seponeretur,
1597 2818 1771 2886 quae
1813 2818 1937 2885 per
1958 2795 2368 2863 inanitatem
2400 2792 2799 2875 verborum,
2837 2815 3079 2883 quamf-

841 2905 948 2970 vis
979 2904 1208 2993 specie
1239 2901 1700 2993 splendidam,
1740 2925 1812 2969 re
1842 2909 2024 2970 certe
2066 2907 2133 2969 et
2164 2900 2527 2968 sententiis
2586 2922 2803 2990 paene
2843 2900 3077 2989 pueri-

840 3011 1002 3093 lem,
1041 3017 1461 3078 excurreret.
1505 3012 1690 3079 Haec
1754 3012 1940 3077 enim
1982 3017 2051 3077 et
2107 3009 2272 3076 talia
2321 3030 2481 3075 cum
2530 3036 2559 3068 «
2627 3029 3076 3096 nequaquam

843 3120 1007 3186 satis
1046 3118 1424 3187 defervisse
1457 3123 1607 3207 post
1660 3118 2020 3208 aliquanto
2052 3117 2309 3185 sentire
2338 3115 2679 3204 coepisset
2716 3118 2797 3201 (2)
2831 3143 2890 3199 »,
2926 3123 3074 3182 tum

840 3233 1074 3294 noster
1103 3231 1334 3293 orator
1364 3225 1451 3292 ab
1481 3226 1601 3291 illa
1621 3225 1918 3313 juvenili
1946 3223 2411 3291 redundantia
2440 3229 2507 3288 et
2530 3221 2811 3288 licentia
2842 3222 2936 3311 (3)
2990 3221 3071 3290 ad

838 3335 1120 3422 gravius
1176 3355 1397 3422 genus
1427 3332 1516 3422 (4)
1549 3333 2016 3421 eloquentiam
2048 3353 2247 3398 suam
2277 3328 2686 3427 traduxisse.
2721 3327 2851 3394 sibi
2884 3327 3073 3395 vide-

841 3441 1065 3527 batur,
1134 3482 1210 3492 —
1249 3442 1345 3507 ita
1374 3439 1717 3518 videlicet,
1746 3445 1822 3504 ut
1851 3437 2125 3505 dicendi
2182 3438 2451 3527 copiam
2510 3458 2634 3525 per
2689 3436 3071 3502 severiores

839 3549 1216 3617 sententias
1256 3543 1490 3637 potius
1556 3555 2113 3636 persequeretur.
2153 3546 2394 3634 Neque
2426 3543 2555 3609 hoc
2608 3541 2758 3607 loco
2825 3540 3062 3623 refert,

836 3679 999 3724 eum
1057 3654 1141 3722 ad
1175 3656 1350 3722 hanc
1390 3676 1555 3721 suae
1594 3654 1927 3720 orationis
1983 3652 2601 3718 commutationem
2651 3651 2857 3737 (quae
2917 3649 3070 3737 qui-

837 3763 996 3829 dem
1025 3762 1318 3828 forsitan
1339 3782 1473 3826 non
1514 3766 1705 3826 tanta
1736 3760 1973 3840 fuerit,
2030 3764 2362 3848 quantam
2395 3781 2549 3825 eam
2598 3758 2815 3825 fuisse
2846 3759 3066 3847 signi-

838 3871 1041 3937 ficare
1063 3860 1312 3957 voluil)
1355 3870 1478 3957 (ὃ),
1532 3867 1826 3936 Molonis
1855 3865 2134 3951 Rhodii,
2172 3893 2203 3926 «
2239 3868 2489 3934 actoris
2521 3852 2781 3932 summi
2820 3887 3065 3942 eausa-

899 4091 967 4152 (1)
996 4091 1100 4138 Pro
1119 4090 1241 4139 Sex.
1273 4088 1472 4147 Roscio,
1499 4087 1666 4138 71-72.

898 4164 968 4225 (2)
1001 4161 1110 4221 Or„
1146 4161 1258 4211 107.

897 4235 962 4296 (3)
995 4232 1069 4282 Cf.
1103 4233 1275 4291 Brut„
1308 4233 1416 4280 316.
1450 4230 1589 4290 Quid
1615 4242 1904 4279 commune
1937 4228 2006 4277 sit
2030 4228 2172 4278 inter
2212 4228 2354 4277 hunc
2401 4227 2585 4277 locum
2614 4229 2667 4276 et
2713 4240 2857 4287 eum,
2900 4240 3063 4289 quem

834 4319 896 4355 ex
924 4305 1142 4354 Oratore
1173 4305 1300 4366 (1ΟἾ)
1345 4304 1656 4366 excerptum
1705 4300 2053 4360 conserimuS,
2088 4326 2145 4335 —-
2176 4299 2308 4348 satis
2355 4298 2602 4349 indicant
2628 4299 2795 4348 verba
2827 4313 2837 4346 :
2886 4318 2972 4348 .....
3008 4300 3063 4347 et

832 4379 987 4442 quasi
1011 4378 1318 4440 deferverat
1347 4375 1578 4424 oratic...
1609 4393 1632 4417 ν»
1787 4390 1795 4395 ·
1887 4439 1894 4445 ‚

896 4451 940 4508 (4
949 4478 959 4508 2
986 4448 1123 4499 Illud
1155 4468 1176 4492 «
1205 4447 1425 4512 gravius
1483 4443 1738 4509 quiddam
1775 4464 1817 4503 »‚
1847 4442 1990 4506 quod
2041 4442 2359 4491 Hortensius
2404 4455 2517 4490 non
2559 4442 2777 4505 assequi
2806 4441 3051 4505 potuisse

830 4520 1024 4570 dicitur
1053 4520 1216 4584 paulo
1248 4517 1389 4569 infra
1415 4518 1605 4582 (Brut.,
1637 4516 1766 4577 327),
1810 4543 1870 4551 -
1900 4529 2073 4577 neque
2114 4514 2259 4562 enim
2289 4514 2334 4562 is
2376 4528 2407 4562 a
2436 4514 2785 4577 philosophia
2810 4514 2943 4562 satis
2976 4512 3060 4562 in-

829 4594 1068 4642 structus
1088 4591 1279 4643 fuerat.

891 4664 956 4728 (5)
989 4665 1051 4713 In
1069 4666 1254 4723 Bruto,
1287 4663 1525 4712 313-316:
1556 4677 1585 4713 α
1613 4664 1689 4714 ita
1708 4660 1887 4724 recepi
1915 4672 2002 4709 me
2023 4657 2243 4707 biennio
2277 4657 2415 4721 post,
2446 4669 2558 4706 non
2605 4655 2766 4705 modo
2796 4655 3053 4706 exercita-

826 4736 948 4797 tior,
975 4737 1067 4787 sed
1092 4749 1259 4801 prope
1287 4737 1544 4785 mutatus.
1574 4749 1606 4785 J)
