3742 5167
785 550 962 617 ..95-

317 713 366 780 sic
381 712 527 793 dicebat,
551 740 566 773 «
599 713 692 803 ipsos
722 714 787 781 sibi
810 714 923 782 videri
959 721 1199 804 praeceptores
1228 726 1260 781 et
1289 714 1430 782 virtutis

317 820 516 908 magistros,
536 842 624 909 quos
640 819 722 888 Cato
742 821 841 909 sequi
862 843 898 887 se
922 820 1156 910 profiteretur,
1191 821 1276 888 fines
1300 821 1434 889 officio-

318 948 397 993 rum
411 926 679 1015 paulolongius‚
716 949 821 1016 quam
849 933 975 995 natura
1005 928 1122 1009 vellet,
1151 928 1349 1017 protulisse,
1382 942 1435 1006 ut,

318 1055 393 1099 cum
411 1032 458 1100 ad
470 1033 629 1099 ultimum
640 1032 756 1099 animo
766 1032 1117 1101 contendissemusibi
1127 1032 1321 1114 tumen‚ubi
1331 1055 1432 1124 opor·

318 1152 415 1223 teret,
431 1139 682 1207 consisteremus
699 1140 786 1228 »(1).
808 1140 850 1207 Et
870 1138 1024 1228 quidem,
1046 1145 1212 1229 tanquam
1233 1139 1329 1206 iliius
1358 1139 1435 1207 doc·

317 1246 430 1313 trinae
443 1248 478 1312 in
496 1246 672 1313 mitiorem
689 1253 822 1335 partem
835 1245 1116 1335 interpretandae
1140 1246 1299 1335 exempla
1317 1246 1437 1314 Catoni

319 1351 532 1443 proponebat
574 1353 786 1421 clarissimos
830 1354 924 1420 viros
967 1353 1166 1442 Scipionem
1212 1354 1363 1421 maxime
1403 1359 1436 1420 et

319 1459 356 1526 C.
380 1460 547 1545 Laelium,
568 1481 655 1549 quos
670 1482 711 1527 ex
735 1459 855 1527 eodem
871 1459 987 1527 studio
1016 1459 1169 1529 eruditos
1200 1482 1269 1527 nou
1307 1459 1435 1527 idcirco

319 1568 511 1657 asperiores
530 1567 638 1633 iactos
662 1589 737 1633 esse
752 1567 864 1634 aiebat
891 1568 964 1655 (2);
987 1588 1137 1656 quorum
1153 1566 1295 1656 quidem
1316 1588 1434 1634 exem-

319 1672 417 1763 plum
436 1672 520 1740 dum
535 1673 824 1741 Academicorum
846 1676 1038 1765 praeceptis
1067 1674 1114 1740 ita
1129 1673 1319 1763 adjungere
1340 1673 1435 1741 vide·

318 1787 387 1860 tur,
408 1802 479 1846 non
498 1786 538 1847 ut
554 1804 570 1845 c
587 1780 679 1870 apud
699 1782 879 1871 imperitos
896 1806 913 1846 s
930 1803 1036 1870 agens
1063 1780 1110 1870 (3)
1133 1781 1237 1847 talem
1263 1781 1438 1848 confusio·

320 1908 399 1953 nem
415 1886 613 1972 inducebat,
630 1887 689 1955 sed
702 1888 895 1955 orationem
909 1910 1009 1955 suam
1025 1886 1170 1954 adhunc
1184 1889 1354 1954 rationem
1365 1886 1438 1954 fere

318 1992 501 2082 dirigebat,
523 2016 631 2084 quam
657 2000 796 2061 secutus
815 1996 861 2083 (li)
879 2001 917 2062 ut
933 1994 1162 2084 philosophus
1179 1995 1228 2061 sic
1244 1993 1434 2072 contendit,

317 2100 606 2167 Academicorum
635 2100 901 2191 Stoicorumque
927 2102 965 2167 in
991 2100 1105 2168 verbis
1139 2103 1251 2190 magis
1270 2123 1376 2190 quam
1398 2102 1434 2167 in

319 2206 422 2273 rebus
440 2229 580 2275 ornnem
599 2206 851 2275 dissensionem
867 2210 975 2275 tuisse
999 2226 1006 2275 τ
1024 2231 1065 2275 ex
1085 2231 1154 2297 quo
1170 2231 1251 2275 sane
1266 2207 1437 2276 efficieba-

319 2320 388 2393 tur,
423 2336 498 2401 eam
530 2314 784 2380 dissensionem
817 2315 876 2381 vix
897 2312 971 2402 jam
1009 2336 1189 2404 apparere,
1226 2315 1254 2380 si
1292 2336 1331 2381 ea
1363 2335 1436 2379 ma·

318 2412 538 2511 guiticentior
571 2419 758 2487 verborum
787 2423 983 2503 ostentatio,
1018 2443 1122 2510 qnam
1153 2421 1259 2489 Stoici
1280 2420 1439 2487 induxis·

321 2534 398 2594 seut
410 2528 471 2619 (5),
488 2527 530 2595 ad
545 2550 649 2595 usum
670 2528 760 2594 vitae
781 2527 1010 2617 redigeretur.

362 2635 435 2702 Hac
471 2633 590 2701 eadem
620 2634 754 2700 ratione
786 2643 888 2701 utens
921 2636 957 2701 in
989 2636 1135 2703 Archiae
1171 2635 1316 2725 judicio,
1352 2635 1436 2703 dum

319 2741 521 2807 eorumdem
542 2741 711 2823 virorum,
742 2742 909 2823 Africani,
936 2742 1059 2825 Laelii,
1088 2743 1124 2811 L.
1144 2743 1254 2822 Furii,
1277 2742 1439 2831 exempla

319 2869 358 2914 eo
378 2849 523 2915 consilio
540 2846 749 2936 proterebat,
772 2854 809 2914 ut
822 2849 1043 2937 signiticaret,
1060 2850 1144 2939 quid
1174 2877 1190 2911 α
1214 2848 1435 2938 praeclarum

319 2977 358 3021 ac
375 2956 553 3045 singulare
573 2978 587 3018 i
604 2955 646 3021 ad
677 2961 837 3021 naturam
860 2956 1023 3022 eximiam
1048 2961 1080 3022 et
1105 2955 1278 3021 illustrem
1303 2983 1317 3012 «
1349 2953 1437 3019 ratio

319 3060 490 3150 quaedam
505 3061 802 3149 conformatioque
818 3062 993 3128 doctrinae
1016 3089 1031 3123 »
1053 3059 1256 3150 adjungeret
1270 3059 1331 3150 (6),
1351 3098 1392 3108 -
1419 3082 1439 3126 a

321 3168 515 3236 Stoicorum
532 3168 699 3250 doctrina,
718 3190 786 3257 qua
814 3169 1035 3257 potissimum
1050 3168 1129 3235 illos
1154 3167 1308 3234 eruditos
1328 3166 1436 3232 fuisse

318 3275 508 3361 constabat,
526 3298 568 3342 ne
598 3298 776 3343 secernere
805 3274 946 3364 quidem
975 3274 1159 3343 videbatur
1178 3296 1254 3341 eam
1279 3272 1436 3362 discipli-

320 3404 414 3465 nam,
438 3404 458 3448 a
480 3404 548 3470 qua
576 3383 650 3471 ipse
670 3404 705 3449 se
725 3381 885 3448 didicisse
903 3381 1138 3470 profitebatur,
1158 3410 1173 3443 (ι
1200 3380 1289 3447 nihil
1310 3403 1385 3447 esse
1402 3380 1439 3444 in

319 3489 389 3555 vita
402 3510 607 3577 mopnopere
626 3492 669 3575 (7)
686 3488 917 3578 expetendum
938 3489 1007 3555 nisi
1032 3488 1170 3556 leudem
1191 3495 1295 3578 atque
1311 3487 1437 3554 hones-

319 3602 438 3675 tatem,
454 3598 490 3662 in
506 3619 545 3664 ea
559 3604 676 3663 autem
696 3596 937 3687 persequenda
949 3619 1070 3665 omues
1083 3597 1256 3663 cruciatus
1269 3593 1437 3684 corporis,

352 3858 383 3921 (i)
401 3859 430 3908 P.
459 3859 580 3918 Merena,
597 3861 626 3907 05
643 3874 648 3907 :
665 3859 776 3921 -quod
791 3871 846 3908 non
857 3858 976 3909 multum
997 3856 1075 3906 abest
1089 3854 1122 3905 ab
1138 3854 1186 3909 eis.
1203 3866 1271 3915 quae
1291 3850 1324 3901 de
1341 3849 1439 3901 Stoicis

319 3930 348 3978 in
364 3932 484 3979 extrema
499 3931 587 3992 quinti
598 3932 635 3979 De
647 3929 756 3979 Finibus
771 3933 845 3993 porte
861 3930 899 3991 (Ἡ
911 3930 970 3992 sqq)
986 3930 1013 3977 et
1036 3928 1065 3975 in
1083 3922 1222 3976 VTuscul.
1241 3922 1333 3971 Cicero
1361 3920 1440 3971 dixit.

352 4004 384 4063 (2)
400 4004 430 4050 Ρ.
448 4002 569 4061 Murena,
585 4005 624 4051 66.

351 4073 384 4135 (3(
400 4074 561 4136 Quanquam
581 4073 644 4123 huic
663 4075 763 4125 rationi
776 4090 804 4125 se
828 4073 927 4137 aliquid
945 4071 1114 4121 concessisse
1130 4065 1266 4130 significat
1281 4067 1328 4128 (De
1341 4063 1440 4123 Finit„

319 4142 362 4204 IV,
379 4146 427 4207 tt),
442 4145 488 4193 sed
501 4144 619 4193 maxime
631 4146 659 4193 in
676 4146 724 4206 eis,
738 4160 806 4208 quae
822 4145 855 4194 de
868 4145 962 4193 stoicis
975 4140 1118 4191 sententiis
1134 4138 1314 4188 disseruisset.

351 4217 383 4278 (4)
398 4218 431 4265 Et
445 4232 461 4265 a
473 4216 608 4265 Carneade
621 4216 731 4280 quidem
740 4216 882 4279 repetitam
894 4214 941 4277 (Gi.
957 4214 992 4261 De
1007 4211 1093 4261 Finit.
1104 4211 1205 4271 tll,4t>;
1215 4208 1254 4258 Gi.
1265 4222 1354 4272 supra,
1364 4223 1390 4273 p.
1400 4210 1439 4256 52·

352 4290 384 4351 (5)
398 4288 474 4338 Sicut
489 4288 580 4337 Cicero
591 4287 714 4346 explieat,
733 4289 761 4336 in
773 4286 842 4336 libro
853 4286 942 4347 thDe
957 4283 1078 4332 Finibus.

350 4360 382 4423 (6)
393 4362 422 4408 P.
440 4358 548 4418 Archia,
563 4362 591 4408 15
606 4363 645 4410 io'.
666 4360 735 4409 Nam
751 4359 822 4422 quod
836 4378 847 4401 r
864 4359 928 4407 Cato
954 4356 1000 4405 ille
1028 4368 1132 4404 senex»
1152 4354 1195 4402 his
1216 4352 1373 4416 adjungitur
1401 4352 1439 4413 (P.

319 4431 399 4491 Mur,
411 4434 454 4491 66;
471 4432 500 4480 P.
518 4428 610 4491 Aret,
628 4434 675 4491 16),
686 4432 713 4481 id
726 4432 759 4481 ad
774 4432 908 4481 rationem
920 4429 1004 4478 aliam
1016 4426 1109 4476 referri
1132 4425 1221 4484 debet,
1237 4424 1270 4474 de
1286 4438 1339 4487 qua
1359 4422 1457 4487 paulo.

319 4501 390 4552 intra
400 4502 530 4552 dicemus.

352 4574 384 4636 (t)
401 4574 444 4624 Sic
467 4573 622 4623 Academici
647 4574 790 4624 dicebant:
807 4572 891 4622 Stoici
904 4574 997 4621 autem
1021 4589 1034 4614 «
1052 4570 1131 4620 unice
1150 4589 1172 4627 i,
1188 4579 1345 4632 quanquam
1371 4565 1440 4615 alias

320 4646 401 4694 etiam
418 4658 527 4695 resnou
542 4646 713 4708 expetendus,
730 4644 776 4695 sed
790 4645 933 4693 cernendos
946 4656 1004 4692 esse
1019 4641 1128 4691 aiebant
1146 4635 1338 4715 (προηγμένα).
1354 4637 1392 4687 Ci.
1404 4638 1441 4685 lle

320 4715 379 4765 Fin.
397 4717 491 4776 ivan.
1152 4727 1156 4735 ·
