3742 5167
1558 642 1945 707 —117—

613 814 900 904 quentia
964 811 1375 880 affinitatem
1421 807 1992 899 persequebatur,
2054 808 2113 875 is
2162 810 2437 877 nescius
2490 809 2644 894 fuit,
2690 809 2846 877 Car·

618 920 860 988 neadis
900 918 1032 987 hoc
1090 918 1448 1008 proprium
1502 916 1738 1001 luisse,
1792 920 1869 982 ut
1917 938 1997 983 ea
2044 914 2366 999 formula,
2399 940 2535 1007 qua
2565 916 2846 1007 quidem

619 1027 1030 1095 Aristoteles
1071 1047 1209 1092 non
1240 1023 1663 1091 rhetoricam
1703 1022 1953 1108 solum,
1995 1020 2110 1089 sed
2148 1049 2177 1082 «
2215 1021 2643 1091 dialecticam
2676 1053 2705 1086 »
2752 1023 2846 1113 (1)

619 1156 896 1224 quoque
935 1132 1321 1213 definierat,
1356 1130 1438 1198 ad
1467 1151 1745 1198 omnem
1775 1127 2838 1219 philosophiamtransferretur;

616 1263 841 1330 neque
874 1240 1092 1329 igitur
1136 1235 1543 1329 imprudens
1572 1243 1953 1325 utrumque
2005 1237 2289 1305 modum
2340 1236 2551 1327 hujus
2590 1242 2846 1306 exerci-

615 1346 904 1414 tationis
944 1345 1028 1412 ab
1067 1345 1409 1413 oratoriae
1449 1344 1909 1410 institutionis
1949 1345 2244 1412 utilitate
2275 1346 2376 1432 (in
2410 1368 2545 1434 qua
2584 1346 2846 1413 utrius-

616 1476 751 1543 que
793 1454 1125 1521 virtutem
1163 1453 1306 1521 fere
1352 1451 1843 1536 confundebat)
1891 1452 1974 1518 ad
2028 1452 2594 1520 commoditatem
2653 1455 2846 1521 inve-

616 1561 856 1628 niendi
892 1590 919 1621 «
966 1560 1133 1651 quid
1165 1561 1235 1626 in
1279 1581 1558 1650 quaque
1586 1581 1659 1625 re
1680 1559 2063 1627 verisimile
2090 1566 2274 1625 esset
2318 1586 2348 1620 »
2404 1561 2497 1646 (2)
2528 1600 2615 1609 —
2641 1560 2846 1650 (quac

616 1666 988 1735 Carneadis
1012 1668 1295 1757 propria
1313 1664 1848 1756 philosophandi
1867 1666 2174 1734 formula
2192 1668 2367 1752 erat)
2385 1665 2632 1756 -conj
2646 1675 2846 1734 uncte

614 1772 1040 1841 traducebat.
1076 1774 1162 1841 Et
1184 1773 1466 1864 quidem
1505 1778 1801 1861 utroque
1839 1795 2094 1862 genere
2134 1795 2296 1839 eum
2323 1777 2634 1840 utentem
2660 1774 2846 1842 vide-

616 1903 773 1948 mus
800 1882 866 1947 in
889 1882 987 1948 eis
1026 1879 1252 1962 libris,
1290 1902 1463 1969 quos
1494 1879 1577 1947 de
1610 1880 1909 1968 propriis
1949 1879 2435 1970 philosophiae
2465 1880 2634 1947 locis
2656 1903 2842 1948 cons*

613 1988 878 2077 cripsit.
916 1986 1072 2077 [pse
1113 1988 1299 2054 enim
1331 2010 1458 2054 nos
1488 1985 1842 2064 admonet,
1890 2008 1961 2053 se
1988 1987 2061 2054 in
2090 1987 2501 2054 Tusculanis
2533 1986 2846 2077 disputa-

613 2093 919 2161 tionibus
945 2093 1039 2183 (3)
1074 2095 1427 2183 propriam
1454 2092 2033 2160 Academicorum
2065 2117 2096 2158 «
2131 2100 2369 2161 contra
2409 2095 2842 2183 propositum

611 2199 1010 2289 disputandi
1069 2199 1647 2267 consuetudinem
1695 2223 1726 2263 ι)
1769 2205 2085 2265 secutum
2126 2221 2277 2265 esse
2326 2198 2443 2288 (4),
2492 2198 2577 2266 ab
2628 2222 2842 2289 eaque¹

610 2305 767 2374 illos
793 2307 963 2373 alios
994 2305 1207 2374 libros
1231 2312 1502 2396 separat
1531 2304 1644 2395 (5).
1684 2327 1855 2394 quos
1887 2306 1982 2371 ita
2008 2307 2399 2394 composuit
2438 2305 2551 2392 (6),
2597 2337 2628 2371 «
2655 2314 2733 2373 ut
2773 2308 2842 2373 in

614 2418 987 2501 utramque
1055 2419 1322 2499 partem
1384 2418 1717 2502 perpetua
1776 2412 2240 2501 explicaretur
2300 2413 2520 2479 oratio
2585 2441 2614 2473 »
2689 2413 2783 2502 (7)
2825 2437 2834 2477 t

614 2541 1021 2609 quanquam
1068 2520 1219 2609 ipse
1248 2521 1456 2587 etiam
1507 2518 1951 2607 significavit,
1989 2518 2165 2585 hanc
2198 2517 2659 2608 componendi
2692 2520 2842 2586 for-

612 2647 828 2711 mam,
873 2649 1085 2716 quam
1126 2628 1198 2693 in
1230 2625 1427 2694 libris
1471 2626 1550 2693 de
1588 2626 1870 2693 Finibus
1899 2627 2227 2692 bonorum
2266 2625 2696 2692 etmalorum
2736 2650 2842 2694 se*

614 2739 944 2822 queretur
967 2733 1086 2820 (8),
1115 2733 1200 2800 ad
1226 2733 1425 2801 illum
1462 2733 1922 2800 Carneadium
1953 2719 2239 2799 modum
2272 2735 2582 2801 revocari
2615 2756 2838 2823 posse,

612 2841 706 2907 ita
753 2840 1114 2907 dumtaxat
1167 2842 1644 2921 immutatum,
1681 2848 1758 2905 ut
1788 2841 1874 2917 is,
1920 2840 2041 2927 qui
2104 2864 2138 2903 <t
2190 2862 2446 2928 ponere
2493 2840 2761 2930 aliquid
2805 2866 2838 2907 τι

602 2946 843 3037 jussus
903 2955 1087 3014 esset
1151 2946 1266 3036 (9),
1341 2979 1372 3007 a
1429 2968 1572 3012 non
1640 2946 1841 3011 modo
1930 2945 2214 3028 diceret,
2286 2946 2453 3036 quid
2524 2948 2834 3021 sentiret,

613 3054 729 3121 sed
807 3055 1020 3122 etiam
1079 3075 1203 3120 cur
1260 3080 1292 3115 »
1339 3052 1503 3144 (10),
1544 3074 1769 3141 neque
1820 3052 1959 3117 nisi
2000 3058 2154 3141 post
2212 3052 2360 3141 ejus
2428 3056 2834 3120 sententiam

671 3304 736 3365 (l)
761 3303 836 3353 Cf.
870 3303 1090 3352 Aristot.
1121 3302 1329 3367 Topica,
1373 3301 1468 3351 lib.
1503 3301 1540 3358 Ι,
1571 3314 1692 3363 cap.
1736 3301 1780 3349 1.

677 3376 743 3436 (2)
770 3374 826 3423 Id
850 3377 983 3424 uteo
1000 3373 1140 3431 loc0,
1156 3387 1318 3437 quem
1334 3387 1398 3422 ex
1414 3372 1508 3422 lib.
1529 3373 1599 3420 De
1619 3371 1701 3420 Or.
1725 3372 1813 3430 ΙΙΙ,
1836 3373 1913 3428 79,
1935 3370 2294 3434 excerpimus,
2315 3370 2461 3419 itain
2478 3369 2771 3425 Tuscul.II,
2794 3372 2838 3425 9.

613 3446 984 3510 significatur:
1018 3463 1043 3492 α
1078 3448 1262 3507 ltaque
1315 3444 1449 3493 mihi
1507 3458 1720 3507 semper
1762 3443 2236 3504 Peripateticorum
2261 3440 2690 3504 Academiaeque
2715 3456 2838 3490 con-

608 3515 838 3566 suetudo
865 3516 928 3565 de
957 3516 1214 3564 omnibus
1239 3516 1399 3564 rebus
1439 3516 1496 3563 in
1538 3516 1836 3563 contrarias
1884 3516 2064 3577 partes
2110 3511 2407 3562 disserendi
2459 3526 2570 3560 non
2622 3513 2690 3561 ob
2722 3527 2838 3561 ean]

605 3602 831 3639 causam
856 3587 1035 3637 solum
1064 3588 1284 3650 placuit,
1310 3585 1451 3649 quod
1500 3586 1656 3635 aliter
1705 3599 1816 3633 non
1845 3587 2051 3648 posset,
2083 3582 2209 3646 quid
2258 3582 2317 3635 in
2368 3596 2580 3645 quaque
2608 3598 2665 3632 re
2711 3584 2842 3631 veri-

607 3659 786 3708 simile
804 3658 1232 3718 esset,inveniri,
1259 3657 1353 3707 sed
1378 3657 1544 3707 etiam
1574 3656 1718 3720 quod
1740 3657 1887 3705 esset
1908 3670 1971 3705 ea
1990 3668 2247 3705 maxuma
2270 3653 2482 3703 dicendi
2508 3655 2834 3704 exercitatio.

607 3730 723 3790 Qua
744 3730 1000 3794 princeps
1015 3743 1147 3778 usus
1175 3730 1258 3778 est
1280 3728 1655 3778 Aristoteles...
1695 3730 1795 3777 etc.
1832 3745 1854 3767 »ι

667 3803 741 3862 (3)
776 3802 951 3863 Atque
987 3801 1154 3849 etiam
1185 3801 1241 3850 in
1273 3800 1413 3849 libro
1443 3800 1509 3848 de
1537 3800 1684 3849 Fato.
1710 3798 1806 3860 (Cr.
1836 3798 1913 3846 De
1937 3798 2088 3856 Fato,
2113 3800 2167 3856 13
2198 3799 2269 3859 4.)

672 3872 740 3935 (4)
769 3872 843 3921 Cf.
876 3870 1084 3921 Tuscul.
1119 3872 1159 3932 1,
1199 3874 1315 3933 ''l-83
1347 3873 1423 3921 De
1454 3872 1606 3933 Fam,
1641 3874 1687 3922 4.

668 3943 735 4005 (5)
767 3942 842 3994 Cr.
869 3944 943 3992 De
972 3942 1122 4002 Fato,
1156 3947 1197 3992 4.
1226 3944 1300 3993 Cf.
1327 3945 1404 3992 De
1424 3942 1596 3993 Finib.
1626 3944 1688 4002 V,
1722 3943 1798 3990 10.

668 4016 733 4075 (6)
763 4015 880 4077 Ipse
911 4014 1158 4077 designat
1187 4015 1354 4066 libros
1395 4017 1459 4064 de
1490 4016 1700 4063 Natura
1730 4015 1947 4062 deorum
1979 4015 2030 4062 et
2055 4014 2119 4060 de
2166 4012 2524 4075 Divinatione;
2558 4014 2652 4064 sed
2704 4016 2842 4078 ejus-

606 4084 729 4134 dem
759 4087 972 4148 generis
995 4088 1121 4135 sunt
1150 4087 1271 4136 libri
1305 4088 1369 4135 de
1393 4085 1613 4134 Finibus
1643 4088 1805 4147 atque
1830 4084 2182 4133 Academica.

670 4158 732 4216 (Ἴ)
766 4155 955 4206 Addit:
982 4175 1001 4202 a
1034 4158 1147 4216 Quo
1183 4157 1394 4207 facilius
1421 4156 1471 4205 id
1503 4171 1534 4204 a
1565 4171 1777 4219 quoque
1808 4155 2145 4219 probaretur,
2174 4155 2316 4217 quod
2372 4157 2565 4219 cuique
2606 4158 2838 4206 maximi·

604 4228 883 4291 probabile
905 4228 1184 4278 videretur
1211 4243 1241 4278 1>
1271 4229 1353 4288 (de
1387 4229 1538 4283 Fato,
1568 4230 1632 4289 1).

667 4300 732 4360 (8)
764 4299 896 4347 Eam
925 4316 954 4346 «
992 4300 1367 4350 Aristotelium
1424 4315 1633 4350 morem
1660 4320 1681 4343 »
1730 4299 1999 4362 appellare
2053 4298 2181 4348 licet
2236 4298 2328 4360 (Cf.
2368 4300 2434 4347 de
2471 4299 2562 4348 Or.
2615 4301 2706 4359 III,
2734 4303 2838 4361 80)Ὶ

605 4383 916 4433 quanquam
951 4370 1127 4419 eidem
1157 4369 1510 4435 appellationi
1529 4370 1679 4421 aliud
1730 4372 1895 4420 etiam
1921 4371 2102 4419 Cicero
2146 4369 2409 4431 suincere
2454 4370 2680 4428 videtur,
2715 4372 2838 4422 duni

606 4441 681 4501 (in
704 4441 779 4505 Ep
807 4444 873 4489 st.
906 4442 979 4490 ad
992 4442 1154 4490 Atlio.
1172 4443 1307 4519 ΧΠ),
1331 4445 1406 4503 52>
1434 4457 1562 4493 suos
1592 4443 1759 4492 libros
1781 4439 2088 4513 περὶ-τελῶν
2105 4441 2579 4493 aduAristotelium
2599 4451 2826 4493 morem.

602 4510 783 4571 refert,
817 4533 840 4556 «
867 4512 924 4560 in
955 4527 1059 4575 quo
1084 4527 1261 4562 sermo
1297 4515 1374 4563 ita
1391 4513 1666 4564 inducitur
1691 4515 2010 4570 ceterorum,
2043 4516 2104 4562 ut
2131 4527 2297 4577 penes
2340 4514 2521 4578 ipsum
2545 4516 2642 4565 -sit
2693 4517 2834 4578 prin-

605 4581 814 4644 cipatus
848 4603 868 4626 n
896 4584 1042 4642 (nam
1067 4583 1135 4632 ab
1166 4584 1305 4647 ipsis
1332 4585 1638 4634 Aristotelis
1669 4584 1900 4647 dialogis
1927 4585 2025 4633 hoc
2053 4585 2360 4647 exemplum
2398 4584 2729 4649 ducebatur).
2763 4589 2834 4637 De,-

604 4656 782 4702 cetero
811 4653 875 4703 cf.
911 4655 1282 4705 Baumhauer:
1316 4657 1381 4705 de
1422 4655 1731 4706 Aristotelia
1752 4657 1801 4705 vi
1824 4658 1880 4704 in
1914 4656 2183 4706 Ciceronis
2217 4658 2451 4722 scriptia,
2485 4660 2621 4708 1841.

668 4726 732 4786 (9)
757 4725 907 4774 Sicut
932 4724 1126 4775 dicitur
1160 4726 1309 4776 Tusc.
1342 4727 1378 4785 l,
1401 4729 1457 4789 Ἲς
1481 4729 1546 4777 de
1575 4728 1727 4787 Fato,
1759 4731 1805 4777 4.

669 4795 767 4858 (10)
800 4795 870 4845 Cf.
900 4797 965 4845 de
993 4796 1177 4853 Finib..
1210 4797 1271 4857 ll,
1301 4800 1389 4847 2-3
