3742 5167
1502 558 1844 624 -83-

562 727 1235 795 commendationem
1290 727 1887 818 progrediebatur,
1943 734 2018 795 ut
2066 750 2204 795 non
2259 727 2460 794 modo
2521 727 2621 795 sic
2662 733 2792 794 sta·

559 839 809 915 tueret,
838 856 909 900 se
934 861 961 894 «
1003 833 1106 901 bis
1128 835 1516 902 servavisse
1550 834 2078 924 rempublicam,
2106 835 2224 923 qui
2253 833 2491 900 consul
2517 839 2792 923 togatus

562 947 865 1008 armatos
929 941 1232 1023 vicisset,
1298 942 1609 1029 privatus
1695 941 2097 1009 consulibus
2190 942 2477 1007 armatis
2545 942 2793 1007 cessis·

564 1054 664 1123 set
706 1049 808 1134 (1)
854 1076 912 1131 ι),
948 1048 1062 1114 sed
1107 1048 1316 1115 etiam
1350 1048 1523 1115 hanc
1547 1048 1658 1116 vel
1685 1049 2130 1139 praecipuam
2168 1077 2196 1108 «
2232 1046 2518 1115 cedendi
2559 1075 2589 1108 »
2627 1069 2789 1114 cau-

563 1176 712 1223 sam
744 1154 872 1221 sibi
902 1178 1050 1222 esse
1082 1153 1407 1224 debuisse
1441 1156 1914 1238 contenderet,
1958 1156 2143 1246 quod
2175 1154 2603 1246 reipublicae
2634 1178 2792 1223 con-

563 1260 942 1328 servandae
999 1261 1399 1351 exemplum
1439 1282 1676 1328 secum
1732 1260 1946 1328 simul
1994 1261 2445 1327 interiturum
2499 1259 2785 1340 fuisset3

564 1392 636 1437 se
665 1368 906 1458 igitur,
942 1370 1000 1436 si
1042 1370 1257 1438 vitam
1289 1391 1488 1436 suam
1527 1367 1973 1448 deseruisset,
2005 1367 2513 1457 rempublicam
2555 1368 2794 1457 prodi-

562 1483 800 1543 turum
832 1476 1072 1562 fuisse,
1107 1517 1194 1527 —
1238 1504 1265 1537 «
1310 1476 1379 1542 in
1412 1498 1550 1565 qua
1591 1497 1775 1542 nunc
1806 1476 1955 1564 ipso
1989 1476 2305 1541 restituto
2337 1474 2605 1543 viveret
2634 1497 2793 1542 cum

564 1584 716 1671 ipso
774 1582 985 1649 simul
1039 1582 1445 1672 exemplum
1495 1582 1654 1649 fidei
1703 1581 2019 1672 publicae
2054 1582 2145 1671 (2)
2182 1609 2214 1642 »
2255 1602 2269 1647 :
2316 1604 2453 1671 quo
2505 1582 2788 1671 quidem

477 1711 484 1738 ¹
561 1689 880 1778 exemplo
920 1689 1398 1757 adulescentes
1447 1692 1868 1755 commoneri
1916 1688 2093 1755 velle
2146 1710 2219 1754 se
2271 1686 2524 1773 aiebat,
2581 1711 2669 1755 ne
2709 1687 2791 1755 ad

564 1795 1068 1886 rempublicam
1099 1801 1340 1864 contra
1378 1796 1733 1886 improbos
1772 1798 1959 1864 cives
1988 1795 2494 1863 defendendam
2526 1795 2794 1884 segnio-

566 1925 675 1971 res
723 1909 955 1970 essent
991 1902 1117 1993 (3).
1166 1943 1253 1953 —
1301 1903 1541 1993 Neque
1581 1901 1666 1969 ad
1717 1903 2152 1992 propositum
2209 1907 2529 1968 nostrum
2586 1900 2797 1966 refert

565 2007 968 2097 dijudicare,
1013 2016 1352 2098 quatenus
1398 2031 1510 2074 res
1557 2008 1769 2096 ipsae,
1822 2030 1993 2096 quas
2028 2013 2265 2074 noster
2302 2013 2533 2073 orator
2565 2012 2794 2072 tantae

565 2114 749 2181 laudi
777 2114 906 2181 sibi
936 2116 1083 2205 ipse
1113 2115 1449 2199 vertebat,
1480 2115 1640 2181 talis
1670 2116 2003 2181 orationis
2031 2112 2373 2203 majestati
2402 2112 2795 2202 respondis-

567 2228 753 2288 sent:
805 2244 943 2311 quo
990 2223 1206 2310 magis
1263 2222 1331 2287 in
1385 2222 1482 2288 eis
1523 2223 1616 2287 ita
1656 2220 2162 2309 amplificandis
2213 2241 2371 2287 eum
2428 2242 2467 2287 a
2506 2220 2795 2286 veritate

564 2328 997 2418 discessissej
1013 2328 1522 2395 udicaverimus
1542 2330 1625 2413 (et
1645 2325 1769 2394 hoc
1801 2326 2086 2416 quidem
2106 2348 2243 2392 non
2266 2324 2790 2414 disceptamus),

568 2458 645 2501 eo
674 2435 965 2503 clariore
996 2436 1313 2525 exemplo
1341 2457 1503 2501 eum
1535 2434 2126 2501 demonstrantem
2159 2432 2676 2521 agnoverimUS‚
2715 2470 2798 2480 —-

566 2541 654 2623 id,
684 2542 868 2632 quod
897 2545 1044 2632 ipse
1079 2565 1237 2632 prae
1278 2564 1348 2609 se
1380 2541 1559 2611 tulit.
1618 2582 1673 2591 -
1712 2563 1926 2630 quam
1969 2545 2248 2629 paratus
2290 2538 2371 2604 ad
2423 2536 2795 2604 dicendum

565 2650 845 2739 quidem
879 2651 937 2716 is
968 2650 1347 2734 accederet,
1373 2650 1550 2738 qui«
1585 2647 2128 2737 philosophiam,
2155 2653 2452 2712 matrem
2480 2645 2797 2711 omnium

566 2754 737 2824 bene
777 2756 1120 2823 factorum
1170 2756 1480 2846 beneque
1512 2756 1879 2835 dictorum,
1918 2753 2321 2843 complexus
2361 2758 2539 2832 esset
2585 2751 2680 2841 (4)
2731 2784 2788 2816 n.

630 2956 695 3018 (1)
735 2956 804 3005 De
819 2956 972 3005 domo
1002 2970 1120 3011 sua,
1147 2958 1221 3005 99.

630 3029 697 3089 (2)
721 3029 857 3088 ct23)
883 3027 958 3077 Cf.
989 3028 1092 3076 Pro
1120 3028 1308 3086 Sestio,
1345 3030 1421 3086 49,
1437 3028 1513 3086 50,
1539 3030 1588 3075 51
1621 3042 1632 3088 ;
1660 3030 1820 3089 atque
1851 3027 1928 3075 14.

633 3099 697 3161 (4)
731 3099 790 3149 V.
815 3098 994 3148 locum
1026 3112 1188 3167 quem
1213 3114 1278 3148 ex
1311 3100 1471 3148 Bruto
1502 3099 1627 3162 (322)
1650 3112 1813 3162 supra
1842 3097 2213 3160 excerpsimus
2246 3096 2313 3160 (p.
2338 3098 2437 3155 61„
