3742 5167
929 531 1107 595 -50-

459 689 704 762 demicorumque
718 693 902 748 consuetudo
916 694 946 748 in
962 696 1076 750 ratione
1094 696 1212 752 dicendi
1228 698 1295 753 talis
1310 704 1364 767 est,
1385 708 1418 755 at
1431 718 1481 756 nec
1493 706 1577 772 perfi-

458 793 518 833 cere
527 787 666 835 oratorem
679 782 767 851 possit
777 782 837 851 ipsa
846 798 899 851 per
905 798 962 838 sese
975 801 1025 839 aec
1033 786 1092 840 siae
1103 803 1135 840 ea
1147 794 1246 842 orator
1256 804 1310 843 esse
1317 793 1461 859 perfectus
1472 810 1481 847 .·
1494 808 1575 858 nam,

457 874 490 924 ut
504 870 669 926 Stoicorum
684 871 833 925 astrictior
848 877 892 926 est
912 874 1005 928 oratio
1025 874 1238 947 aliquantoque
1268 880 1458 948 contractior,
1485 897 1576 950 quam

456 975 543 1014 aures
557 958 660 1029 populi
680 959 845 1030 requirunt,
862 963 904 1017 sic
919 962 1040 1018 illorum
1058 964 1180 1019 liberior
1197 969 1227 1020 et
1241 964 1339 1033 latior,
1361 985 1451 1039 quam
1465 970 1577 1039 patitur

457 1050 642 1105 consuetudo
652 1049 836 1121 judiciorum
850 1055 879 1106 et
894 1051 987 1108 fori...

501 1262 620 1352 Neque
634 1264 726 1329 enim
742 1262 871 1345 Cicero,
889 1262 974 1330 dum
990 1264 1025 1329 in
1052 1264 1153 1331 tertio
1167 1264 1209 1331 ‹le
1221 1265 1365 1333 Oratore
1380 1265 1469 1333 libro
1486 1267 1577 1334 Stoi-

457 1392 514 1436 cos
530 1377 813 1459 proptereorum
833 1370 959 1437 exilem
975 1369 1203 1460 jejunamque
1226 1371 1420 1440 disserendi
1438 1374 1576 1441 subtili-

458 1482 563 1543 tatem
587 1475 761 1566 rejiciebat
782 1479 845 1564 (l),
863 1476 992 1544 idcirco
1017 1478 1133 1567 ipsum
1158 1480 1468 1569 Peripateticorum
1489 1482 1576 1548 Aca-

456 1584 741 1672 demicorumque
775 1606 886 1674 genus
919 1584 961 1651 ad
1008 1614 1023 1645 α
1057 1586 1231 1653 forensem
1265 1589 1521 1655 contentionem
1558 1616 1574 1649 »

456 1693 598 1758 omnino
613 1689 866 1758 traducendum
884 1714 959 1758 esse
982 1692 1220 1779 significabat:
1239 1694 1298 1761 sed
1310 1693 1374 1761 hoc
1396 1694 1576 1762 dumtaxat

456 1796 741 1887 admonebatper
752 1798 876 1864 horum
888 1805 1118 1888 utrorumque
1130 1801 1280 1866 maxime
1291 1802 1574 1869 exercitationem

456 1912 628 1972 oratorem
642 1928 682 1972 ea
699 1927 845 1973 «rerum
860 1906 1098 1995 orationisque
1113 1908 1266 1996 οορίῑι(2)
1283 1936 1298 1968 »
1314 1908 1440 1974 instrui
1460 1930 1574 1998 posse,

456 2035 564 2102 quam
578 2012 741 2102 deinceps
772 2012 814 2078 ad
837 2040 852 2073 α
884 2034 1070 2080 causarum
1099 2014 1338 2081 contentiones
1361 2012 1442 2103 (3)»
1472 2021 1505 2081 et
1532 2013 1575 2081 ad

397 2107 400 2122 ’
458 2121 646 2187 «forenses
669 2141 793 2186 nervos
808 2120 890 2209 (l)r
917 2120 992 2208 ipse
1012 2121 1338 2187 accommodaturus
1358 2128 1461 2188 esset.

501 2227 600 2307 Quod
612 2234 729 2293 autem
746 2233 780 2293 et
795 2228 831 2291 in
846 2227 963 2309 Bruto,
979 2267 1017 2277 -
1039 2227 1265 2294 Academiam
1282 2240 1424 2293 veterem
1441 2229 1491 2316 (in
1507 2250 1577 2317 qua

455 2335 584 2401 Brutus
596 2334 752 2402 eruditus
762 2336 848 2422 erat)
860 2332 906 2424 (5)
919 2325 998 2400 cuni
1008 2335 1259 2423 Peripateticis,
1270 2341 1308 2401 ut
1319 2335 1418 2416 solet,
1428 2334 1573 2424 conjun-

456 2464 552 2529 gens,
579 2480 622 2489 -
640 2464 768 2508 novam
792 2442 933 2508 omnino
949 2441 1068 2507 omisit
1084 2456 1195 2530 neque
1210 2442 1244 2506 in
1265 2442 1405 2508 Oratore
1421 2442 1461 2508 ad
1478 2442 1576 2508 Aris·

455 2547 625 2632 toteliam,
648 2570 750 2636 quam
773 2555 1024 2614 commemorat
1036 2547 1099 2636 (u),
1123 2575 1137 2607 o
1155 2550 1189 2614 in
1203 2554 1539 2638 utramquepartem
1558 2576 1573 2610 »

455 2656 749 2733 exercitationem,
767 2654 926 2743 adjungit
936 2655 1033 2721 illam
1046 2654 1273 2721 Carneadiam
1294 2682 1308 2715 o
1325 2661 1444 2721 eontra
1457 2677 1572 2737 omne,

456 2763 700 2851 quodcumque
730 2763 952 2851 propositum
965 2769 1067 2843 esset,
1089 2760 1282 2829 disserendi
1304 2760 1352 2850 (7)
1369 2789 1401 2840 a,
1420 2802 1457 2811 -—
1477 2760 1572 2828 idad

455 2869 643 2958 quamdam
658 2877 856 2959 temporum
868 2869 1038 2936 rationem
1054 2870 1207 2935 maxime
1223 2890 1323 2957 posse
1337 2868 1461 2934 referri
1477 2868 1573 2934 vide·
1593 2875 1595 2880 ’

455 2986 512 3044 tur
529 3000 536 3048 :
554 2977 744 3045 Carneadia
767 2977 861 3045 enim
876 2978 1058 3060 sententia,
1075 2998 1179 3065 quam
1199 2976 1258 3050 ille
1277 2975 1422 3043 Crassus
1442 2998 1462 3041 a
1482 2974 1574 3041 Cice·

456 3107 539 3152 rone
554 3084 717 3153 inductus
734 3107 791 3172 per
810 3084 996 3151 Philonem
1009 3083 1123 3150 adhuc
1139 3083 1255 3173 vigere
1268 3079 1408 3149 videbat
1424 3080 1467 3169 (8)
1496 3083 1573 3168 lne-

455 3213 522 3281 que
565 3214 605 3258 ea
637 3191 810 3257 Antiocho
841 3192 967 3258 veteris
1000 3188 1206 3256 Academiae
1246 3187 1472 3254 restauratori
1500 3191 1571 3252 tam

455 3304 591 3365 mature
606 3295 751 3365 forsitan
771 3299 943 3379 cessisset,
961 3302 997 3364 ul
1016 3295 1134 3363 Cicero
1148 3296 1203 3363 vel
1218 3296 1294 3384 ipso
1317 3301 1482 3383 tempore,
1502 3314 1571 3381 quo

456 3426 516 3494 per
532 3403 645 3471 Crassi
665 3426 849 3493 personam
870 3405 919 3471 sic
933 3404 1155 3492 loquebatur,
1168 3404 1263 3470 omni
1282 3401 1473 3491 patrocinio
1494 3421 1572 3465 eam

424 3544 425 3547 ¹
454 3533 572 3579 carere
592 3510 725 3578 videret
745 3510 832 3600 (9)),
852 3516 927 3577 tum
947 3516 1051 3589 certe,
1074 3531 1153 3575 cum
1167 3512 1311 3574 Brutum
1334 3513 1368 3573 el
1395 3509 1571 3572 Oratorem

455 3616 639 3701 scribebat,
650 3614 903 3683 abAntiocheis
919 3616 1075 3705 partibus
1090 3637 1299 3705 oppressae
1316 3611 1570 3703 propemodum

484 3839 518 3902 (Ι)
532 3837 570 3887 Cf.
588 3850 678 3901 supra,
689 3852 715 3901 p.
731 3838 770 3886 38,

486 3911 520 3974 (2)
537 3907 575 3958 Cl.
590 3908 629 3957 De
645 3908 698 3967 Or.‚
714 3907 759 3967 ΙΙΙ,
785 3908 872 3956 lla-
888 3905 1044 3969 (adiuvante
1070 3918 1135 3954 sane
1162 3905 1271 3962 catara,
1289 3905 1319 3951 ut
1336 3900 1476 3951 indicatur
1491 3899 1557 3950 ibid.

485 4134 518 4194 tl)
535 4130 626 4180 GlsDe
642 4130 697 4189 Or,
711 4128 758 4187 ΙΙΙ,
773 4127 816 4185 8ος
828 4152 857 4160 -
868 4124 886 4182 Ι,
900 4124 938 4170 81.

484 4204 517 4267 (5)
530 4202 570 4252 Ab
585 4200 717 4251 Antiocho
732 4197 870 4247 renovata.
886 4193 924 4244 Gi.
938 4195 1025 4251 Brut„
1042 4194 1096 4251 iao,
1109 4193 1163 4250 332,
1180 4190 1237 4240 315.

484 4277 517 4337 (6)
533 4275 618 4333 erae,
632 4277 668 4328 ro.
685 4261 737 4321 iri.
755 4268 792 4317 cr.
810 4280 900 4330 supra,
912 4282 939 4330 p.
958 4268 997 4313 re.
1490 4328 1495 4338 Ι

483 4349 515 4409 (Ι)
529 4346 567 4395 De
583 4346 637 4403 Or..
655 4344 701 4403 Ill,
720 4344 757 4391 80.
774 4340 862 4404 ipsius
877 4339 970 4387 tamen
991 4334 1134 4386 Carneadis
1158 4333 1353 4383 auctoritatem
1370 4331 1399 4380 in
1415 4326 1570 4378 defimenda

452 4419 560 4481 proprie
577 4415 734 4466 elocutionis
759 4413 786 4460 vi
805 4412 895 4461 Cicero
922 4409 951 4459 in
977 4410 1088 4459 Oratore
1104 4408 1153 4469 (52)
1172 4403 1281 4469 profert,
1297 4405 1329 4453 ut
1352 4402 1456 4459 doceat,
1474 4398 1569 4462 quanti

451 4504 514 4539 eam
528 4488 620 4540 iaciat.

483 4563 517 4625 (8)
532 4562 571 4611 De
587 4560 642 4619 Or,
659 4560 703 4617 ΙΙΙ,
720 4557 774 4605 llo.

483 4636 516 4697 (9)
532 4636 690 4695 Quanquam
706 4642 762 4678 non
776 4625 855 4677 multi
874 4624 995 4675 Philonis
1016 4624 1164 4673 sectatores
1178 4622 1242 4685 post
1256 4631 1319 4668 eum
1343 4614 1483 4666 nominari
1510 4626 1570 4677 pos·
1656 4666 1661 4673 ,

451 4710 523 4766 sunt,
539 4707 644 4770 praeter
660 4702 740 4751 illum
755 4698 921 4749 Heraclitum
935 4696 1055 4760 Tyrium,
1076 4694 1108 4743 de
1123 4706 1176 4757 quo
1202 4690 1304 4741 mentio
1320 4688 1350 4738 fit
1372 4686 1457 4736 Acad.
1475 4683 1565 4750 prior.

450 4780 484 4836 ll,
500 4779 537 4827 ll.
551 4776 596 4839 (ct,
611 4778 641 4825 E.
657 4774 751 4835 Zeller,
765 4786 806 4837 op.
819 4770 932 4835 desipit.)
