3742 5167
915 543 1096 608 ,23-

450 707 535 797 qnid
553 708 643 775 inter
671 708 821 775 duorum
855 708 1075 798 dialogorum
1094 709 1247 775 rationes
1273 709 1423 794 intersit,
1450 732 1492 777 ex
1525 732 1566 778 eo

445 813 595 903 judicari
627 820 751 905 potest,
780 815 872 904 quod
899 816 935 882 in
959 815 1116 882 Phaedro
1149 814 1300 883 Pericles
1334 822 1374 883 ut
1404 839 1565 885 summus
1615 887 1619 896 ,

448 929 565 989 orator
584 923 727 989 omnino
753 922 914 989 laudatur
941 925 998 1007 (1),
1020 922 1112 989 idem
1136 922 1171 989 in
1202 922 1333 1011 Gorqe'o
1357 922 1475 1012 (atque
1494 946 1566 991 una

450 1050 529 1095 oum
554 1050 593 1096 eo
620 1028 870 1097 Themistocles
899 1030 1029 1120 aliique
1067 1032 1186 1119 magni
1210 1031 1293 1120 viri)
1320 1053 1391 1098 non
1422 1029 1565 1098 honoris

448 1158 552 1203 causa
566 1143 873 1221 commemoratur,
890 1136 951 1203 sed
966 1135 1194 1206 vehementer
1216 1136 1485 1226 reprehenditur
1501 1136 1562 1226 (2),

449 1242 541 1331 quod
559 1264 673 1332 neque
700 1243 899 1333 eloquentia
928 1266 992 1310 sua
1005 1244 1240 1311 Athenienses
1271 1244 1433 1311 meliores
1454 1243 1566 1311 reddi-

448 1350 538 1417 derit
555 1373 666 1439 nequa
686 1350 729 1418 ad
742 1353 847 1419 talem
863 1354 1025 1420 effectum
1045 1374 1086 1420 ea
1106 1352 1157 1419 uti
1176 1350 1363 1418 curaverit.

492 1458 555 1525 His
564 1460 612 1525 ita
626 1457 1138 1547 positia,facileestdijudicare‚
1152 1458 1219 1525 utri
1236 1456 1467 1545 dialogorum,
1478 1480 1565 1547 quos

449 1566 610 1643 diximus,
634 1564 752 1631 Cicero
771 1570 811 1631 ut
834 1565 919 1630 artis
935 1586 1017 1631 suae
1032 1563 1152 1631 doctor
1167 1570 1199 1630 et
1214 1561 1374 1630 laudator
1393 1586 1429 1631 se
1450 1565 1565 1654 potius

448 1672 530 1740 dare
552 1671 720 1739 debuerit.
811 1670 853 1736 Et
884 1670 1027 1760 quidem
1053 1670 1147 1759 ipsas
1173 1671 1336 1753 rationes,
1359 1670 1487 1760 quihus
1505 1671 1565 1738 ille

449 1776 641 1845 Socratesa
658 1775 800 1841 Platone
834 1773 996 1841 inductus
1011 1797 1047 1841 se
1065 1774 1223 1841 Phaedro
1240 1776 1449 1864 persuadere
1476 1778 1564 1845 velle

449 1884 641 1973 profitetur,
682 1910 696 1943 n
729 1902 823 1963 enm,
849 1881 919 1946 nisi
949 1878 1129 1947 commode
1162 1879 1442 1971 philosophetur,
1476 1906 1565 1951 nun·

448 2010 554 2078 quam
591 1988 708 2077 aliqua
735 1985 776 2053 de
807 2007 843 2051 re
875 1984 1057 2051 commode
1090 2007 1165 2052 esse
1202 1986 1378 2055 dicturum
1396 1990 1448 2078 (3)
1478 2016 1507 2076 a,
1528 1990 1564 2055 in

449 2124 463 2155 a
480 2096 648 2162 oratorios
662 2094 863 2163 »Ciceronis
877 2091 984 2159 libros
999 2092 1186 2158 translatas
1200 2093 1412 2176 invenimus,
1429 2102 1565 2184 praeter

447 2222 610 2290 eamque
626 2202 776 2267 maxime
793 2202 885 2265 hunc
901 2198 1080 2286 dialogum
1093 2199 1137 2265 ad
1153 2202 1364 2267 sententiam
1380 2203 1416 2269 in
1438 2202 1565 2291 Gorpio

447 2307 655 2395 explicatam
683 2304 844 2374 accedere
867 2305 1031 2373 vidimus.
1057 2306 1145 2372 Nam
1171 2328 1216 2372 ne
1242 2306 1307 2374 hoc
1328 2308 1471 2398 quidem
1492 2331 1565 2376 ma-

447 2414 539 2480 xima
557 2412 600 2480 ab
616 2414 676 2481 illa
697 2412 848 2481 Socratis
865 2412 898 2477 in
909 2411 1064 2478 Phaedro
1076 2410 1312 2502 disputatione
1329 2415 1447 2483 Cicero
1458 2415 1566 2483 disce-

446 2519 559 2593 debat.
576 2520 666 2609 quod
684 2521 760 2608 ipsa
772 2517 1052 2586 consideratione
1072 2541 1205 2604 rerum,
1218 2520 1390 2610 inquibus
1403 2545 1465 2612 per
1480 2524 1564 2590 civi-

446 2634 534 2693 tates
551 2627 733 2694 hominum
745 2636 918 2692 oratorem
942 2627 1072 2692 versari
1094 2626 1206 2694 solere
1231 2626 1382 2710 videbat,
1404 2628 1564 2697 eoaddu-

446 2734 600 2810 oehatnr,
618 2739 657 2801 ut
675 2732 902 2816 existimaret,
926 2760 941 2791 (ι
975 2733 1122 2799 oratoris
1145 2755 1288 2802 omnem
1304 2736 1477 2803 actionem
1491 2736 1565 2825 opi-

444 2839 612 2919 nionibus,
634 2862 702 2907 non
722 2837 876 2918 scientio,
903 2838 1074 2905 contineri
1092 2840 1175 2927 »(1)
1196 2861 1203 2920 3
1233 2840 1325 2931 quod
1350 2847 1468 2909 antem
1488 2843 1563 2931 ejus

448 2948 592 3014 rationis
613 2947 683 3014 vim
705 2944 927 3035 praeteriisse
948 2944 1099 3025 videtur,
1130 2968 1201 3036 qna
1220 2946 1379 3015 Socrates
1403 2949 1438 3014 in
1457 2949 1565 3016 Phoe-

446 3053 507 3121 1110
534 3053 734 3120 acutissime
762 3050 918 3130 docebat,
953 3052 1067 3139 ipsam
1094 3074 1212 3118 rerum
1242 3055 1424 3121 veritatem
1454 3056 1508 3123 vel
1533 3057 1563 3123 ei

445 3158 720 3249 cognoscendam
746 3181 832 3239 esse,
855 3159 915 3247 qui
942 3158 1123 3232 audientes
1144 3160 1232 3227 falsa
1248 3162 1321 3228 veri
1341 3162 1456 3250 specie
1470 3162 1564 3228 deci·
1597 3247 1599 3250 Ι

402 3250 405 3255 ’
446 3290 527 3358 pera
561 3266 676 3349 vellet,
703 3305 744 3315 -
769 3265 805 3332 id
838 3266 987 3333 forsitan
1025 3266 1107 3332 huic
1136 3266 1405 3356 philosophandi
1438 3267 1562 3334 rationi

446 3375 598 3440 maxime
621 3374 800 3462 assignare
820 3372 932 3452 liceat,
951 3394 1056 3461 quam
1073 3380 1214 3439 secutus
1230 3374 1274 3439 M.
1295 3373 1445 3453 Tullius,
1463 3374 1562 3464 quasi

445 3478 626 3567 desperata
661 3477 859 3567 cognitione
888 3478 986 3550 certi,
1013 3499 1084 3543 nou
1110 3477 1204 3544 ultra
1225 3480 1297 3547 veri
1328 3480 1444 3546 simile
1468 3501 1564 3547 men-

446 3592 516 3652 tem
529 3585 720 3652 humanam
739 3582 896 3671 progredi
911 3605 1010 3672 posse
1028 3584 1205 3672 professus
1222 3586 1267 3653 sit
1292 3589 1340 3669 (5)
1358 3606 1365 3651 ε
1388 3586 1563 3676 adquam·

446 3691 525 3771 dam
542 3697 632 3758 certe
649 3692 796 3758 locorum
821 3688 1076 3779 ephilosophia
1098 3690 1284 3760 ductorum
1305 3695 1560 3782 possessionem

448 3796 536 3864 hanc
551 3819 670 3864 veram
694 3796 884 3881 scientium,
903 3819 1007 3886 quem
1025 3797 1185 3865 Socrates
1211 3801 1342 3866 oratori
1360 3799 1413 3866 vel
1435 3800 1469 3866 in
1488 3799 1560 3887 opi-

445 3906 583 3970 nionum
599 3904 740 3991 regione
755 3905 899 3971 omnino
912 3906 1065 3972 versanti
1077 3912 1242 3995 tanquam
1259 3907 1483 3973 utilissimam
1506 3905 1564 3973 ad-

477 4160 510 4223 )1)
523 4162 560 4212 ct.
577 4160 701 4219 Phaeca,
713 4162 759 4210 269
776 4163 863 4213 Ε-210.

476 4233 508 4294 (2)
522 4231 554 4280 Cf
586 4232 843 4297 Gorga..5l5Dsqq.

476 4304 509 4365 (3)
523 4302 561 4353 (11.
577 4303 691 4354 Phaedr.
707 4305 750 4354 261
765 4319 770 4353 :
787 4325 798 4349 o
818 4300 979 4377 ...Φαῖδρον
999 4304 1114 4370 πείθετε,
1132 4304 1169 4365 ὡς
1194 4302 1238 4358 ἐὰν
1264 4307 1301 4379 μὴ
1327 4308 1428 4368 ἱκανῶς
1453 4305 1564 4386 φιλοσο-

445 4384 530 4460 φήσῃ,
547 4380 609 4437 οὐδὲ
624 4384 714 4444 ἱκανός
729 4405 795 4439 ποτε
807 4382 894 4456 λέγειν
914 4378 989 4438 ἔσται
1004 4385 1066 4458 περὶ
1086 4382 1215 4447 οὐδενός..
1234 4429 1240 4441 .
1260 4409 1271 4437 ι

477 4466 509 4525 )1)
526 4465 731 4514 Utimurvcrbis
745 4466 862 4515 Antonio
879 4464 1016 4514 mandatis
1031 4467 1068 4513 De
1083 4466 1125 4514 Or.
1140 4466 1172 4523 11,
1189 4468 1226 4514 30.
1244 4466 1282 4516 Cf.
1300 4469 1373 4518 Socr.
1390 4469 1417 4518 in
1431 4469 1562 4525 Phaedro,

444 4536 486 4583 261
512 4535 579 4583 1)-Ε.
600 4562 630 4570 -—
652 4536 753 4585 Eodem
769 4537 823 4586 lere
846 4536 927 4585 modo
949 4557 960 4580 α
984 4538 1098 4586 oratoris
1117 4536 1254 4586 actionem
1270 4558 1282 4583 »
1303 4540 1475 4603 intelligebat
1492 4540 1565 4589 Aris-

444 4606 542 4655 toteles
556 4606 584 4654 in
599 4606 666 4656 eret
690 4607 747 4667 (tib.
765 4610 784 4666 l,
799 4622 857 4671 cap.
870 4609 919 4665 l-2‚
932 4609 1058 4672 passim).

477 4677 509 4738 (6)
529 4677 570 4731 Cl.
595 4677 710 4739 Tuccnl„
723 4680 767 4737 tv,
782 4682 820 4738 31,
834 4682 915 4743 atque
926 4680 994 4729 alios
1005 4680 1089 4730 aliam
1113 4679 1197 4729 locos.
