3742 5167
757 524 931 589 -49-

288 712 370 759 nem
385 690 419 757 in
434 690 504 757 illis
517 688 558 757 cte
576 690 719 756 Oratore
738 686 839 755 libris
867 689 1093 779 praeterierat
1109 691 1167 781 (l),
1194 732 1236 742 -
1258 692 1405 774 Stoicos,
1453 676 1457 682 ¹

290 820 470 887 quoscum
487 818 548 887 per
562 797 754 863 Antonium
769 800 844 863 tum
866 818 927 885 per
947 795 1109 864 Crassum
1138 795 1331 865 dimittebat
1348 798 1359 887 (
1385 797 1410 887 ),

292 903 530 993 Peripateticis
545 903 593 969 ita
603 902 953 993 adjungerevidetur,
969 911 1008 971 ut
1020 903 1281 973 dialecticorum
1294 905 1410 995 cogni·

288 1006 1410 1101 tmmmvdwdmrmmwarmmmfflmmffloeovem

292 1118 354 1185 hac
367 1116 553 1207 Chrysippi
569 1115 753 1206 disciplina
768 1118 898 1185 oratori
910 1117 1094 1207 petendam
1110 1141 1186 1185 esse
1196 1125 1335 1186 censeat
1347 1118 1409 1208 (3),

290 1222 1412 1316 nmfflmmfflmmmmwmmffwmwm

292 1333 488 1399 Stoicorum
508 1358 523 1391 o
544 1331 718 1420 spinosius
739 1358 752 1389 l
774 1329 967 1396 disserendi
992 1349 1128 1420 genus:
1151 1330 1243 1419 quod
1269 1330 1411 1421 quidem
1503 1343 1505 1345 ’

291 1440 320 1505 si
337 1438 503 1505 nonsatis
518 1438 555 1503 in
577 1437 729 1516 Oratore,
752 1441 890 1503 atcerte
904 1437 940 1502 in
959 1459 999 1503 eo
1024 1435 1124 1522 libro,
1139 1458 1244 1527 quem
1271 1440 1413 1504 Brutum

292 1546 501 1634 inscriptum
521 1544 638 1611 statim
654 1549 733 1610 anta
753 1541 918 1623 ediderat,
938 1542 1039 1632 plane
1055 1544 1273 1631 significavit.
1384 1633 1386 1637 y

341 1654 458 1740 Neque
473 1652 566 1718 enim
581 1657 712 1717 temere
727 1649 763 1715 in
774 1648 840 1716 hoc
850 1648 952 1727 libro,
962 1655 1146 1740 postquam
1158 1650 1199 1717 de
1217 1651 1414 1734 «Stoicis»,

298 1765 334 1827 nt
362 1757 446 1825 dicit
466 1756 526 1847 (l),
556 1752 768 1833 oratoribus
806 1756 949 1841 Rutilio,
977 1757 1119 1840 Scaur0,
1152 1756 1265 1847 deque
1294 1780 1416 1825 eorum

296 1863 430 1932 dicandi
462 1885 588 1953 genere
615 1860 780 1930 disseruit
804 1861 865 1952 (5),
903 1863 1051 1929 Brutum
1083 1865 1130 1930 ita
1164 1864 1417 1932 exclamantem

296 1970 376 2038 facit
394 1970 437 2059 (6)
460 1992 467 2037 :
494 1996 509 2031 o
527 1968 640 2049 Quam
655 1969 720 2036 hoc
735 1969 828 2037 idem
844 1971 879 2036 in
893 1972 1021 2036 nostris
1040 1973 1241 2060 contingere
1260 1972 1418 2061 intellige

298 2106 313 2140 «
337 2076 427 2167 quod
446 2076 479 2142 i'n
499 2077 650 2157 GraeciS,
667 2084 706 2143 ut
721 2099 842 2143 omnes
862 2077 934 2144 fere
956 2077 1061 2144 Stoici
1093 2078 1355 2167 prudentissimi
1382 2080 1418 2145 in

256 2269 260 2274 Ι
300 2214 313 2245 ‹-
337 2183 536 2251 disserendo
557 2185 626 2249 sint
639 2188 672 2249 et
687 2183 721 2249 id
736 2190 808 2250 arte
820 2184 947 2250 faciant
962 2184 1102 2273 sintque
1114 2185 1295 2252 architecti
1311 2207 1419 2276 paene

301 2324 313 2350 a
339 2290 538 2371 verborum,
574 2288 678 2355 iidem
716 2290 861 2357 traducti
882 2313 908 2357 a
934 2290 1142 2380 disputando
1168 2291 1211 2357 ad
1234 2291 1420 2359 dicendum

302 2402 460 2489 «inopes
491 2399 751 2488 reperiantur...
784 2419 823 2479 »3
854 2420 932 2464 nam
956 2399 1031 2487 ipse
1060 2398 1168 2464 Bruto
1189 2439 1230 2447 —
1256 2398 1421 2466 Catonem

301 2506 453 2595 quidem,
472 2504 685 2572 avunculum
700 2526 816 2583 suum,
830 2504 1015 2594 excipienti
1033 2504 1079 2594 (7)
1094 2546 1133 2553 —
1150 2506 1199 2571 sic
1215 2505 1419 2595 respondet:

304 2644 317 2674 l
341 2616 428 2691 Non,
452 2613 570 2683 Brute.
584 2614 657 2678 sine
674 2633 788 2691 causa,
807 2617 989 2700 propterea
1013 2610 1102 2699 quod
1124 2612 1271 2677 istorum
1299 2614 1333 2678 in
1349 2611 1423 2678 dia-

305 2749 318 2781 «
343 2719 473 2787 lecticis
489 2724 699 2785 omniscura
723 2719 954 2792 consumitur,
973 2740 1100 2807 vagum
1134 2718 1221 2784 illud
1255 2721 1423 2785 orationis

307 2824 1424 2913 «mmmmmnmffimmnmammmmgmm3mmamffi1

306 2963 320 2995 «
344 2932 550 3015 avunculus
569 2930 866 3021 quemadmodum
882 2933 961 3013 scis,
973 2930 1078 2997 habet
1093 2953 1112 2996 a
1130 2931 1254 2996 Stoicis
1270 2930 1315 3011 id,
1332 2931 1423 3019 quud

307 3066 321 3100 «
346 3039 388 3106 ab
408 3040 478 3105 illis
495 3037 683 3127 petendum
704 3038 770 3104 fuit
791 3059 797 3104 :
821 3040 878 3104 sed
892 3036 1133 3104 diceredidicit
1151 3060 1170 3103 a
1185 3036 1321 3104 dicendi
1354 3059 1426 3103 ma-

309 3175 322 3207 «
345 3147 463 3234 gistris
479 3168 671 3235 eorumque
692 3168 787 3213 more
804 3147 1046 3213 scelerauit...
1078 3174 1090 3200 n
1115 3144 1174 3233 (8).
1198 3147 1312 3232 Atque
1342 3144 1426 3211 haec

307 3250 436 3336 adjicit,
454 3273 543 3339 quae
563 3272 643 3317 curn
660 3252 852 3316 sententiae
867 3274 927 3339 per
948 3250 1309 3340 Crassumexplicatae
1324 3251 1426 3339 plane

307 3357 527 3447 respondere,
555 3365 724 3423 tumeam
745 3356 786 3423 ad
812 3356 1030 3424 subtiliorem
1059 3358 1161 3425 etiam
1190 3357 1427 3425 definitionem

308 3463 477 3531 adducere
493 3463 656 3531 videntur
674 3483 680 3530 :

344 3632 427 3697 Quod
451 3632 475 3687 si
501 3634 602 3687 omnia
622 3648 639 3687 a
662 3632 846 3702 philosophis
876 3636 977 3686 essent
999 3633 1137 3702 petenda,
1155 3632 1428 3701 Peripateticorum

310 3720 451 3776 institutis
471 3722 657 3777 commodius
684 3722 848 3793 fingeretur
874 3722 984 3775 oratic:
1007 3737 1065 3791 quo
1088 3722 1182 3792 magis
1209 3727 1304 3786 tuum,
1329 3722 1427 3787 Brute,

307 3808 452 3879 judicium
467 3811 570 3880 probe,
588 3810 638 3881 qui
652 3826 755 3865 eorum
771 3809 1018 3879 philosophorum
1037 3814 1148 3864 sectam
1162 3815 1282 3863 secutus
1294 3825 1334 3876 es
1356 3826 1430 3878 quo-

311 3913 376 3952 rum
391 3898 422 3953 in
442 3899 576 3953 doctrina
590 3903 679 3969 atque
699 3898 866 3968 praeceptis
881 3897 1132 3953 disserendiratio
1149 3897 1342 3967 conjungitur
1362 3912 1430 3951 curn

312 3988 456 4043 suavitate
471 3988 589 4044 dicendi
605 3992 635 4043 et
649 3988 746 4059 copia;
763 4004 937 4058 quanquam
953 4002 988 4042 ea
998 3986 1062 4056 ipsa
1074 3986 1340 4056 Peripateticorum
1354 3986 1431 4040 Aca-

344 4182 377 4242 (1)
394 4179 434 4229 Cf.
454 4193 544 4242 supra,
560 4180 686 4228 nostrum
701 4192 759 4242 cap.
781 4178 800 4236 Ι,
817 4192 843 4241 p.
858 4178 896 4226 21.

344 4252 376 4313 (2)
391 4252 429 4300 De
445 4252 499 4309 Oa,
513 4252 545 4309 ΙΙ,
563 4252 623 4311 160;
638 4250 684 4310 lIl,
695 4252 768 4299 65-66
785 4248 830 4312 (Gt.
845 4262 937 4312 supra,
953 4262 979 4311 p.
996 4250 1089 4311 39-40).

345 4322 377 4383 lat
395 4320 480 4377 orat,
497 4323 553 4370 na.
803 4328 805 4331 ·

344 4391 377 4454 (4)
394 4390 430 4439 Cf.
449 4392 537 4451 Brut,
554 4393 607 4440 116.

347 4464 378 4527 (a)
399 4465 426 4513 et
441 4464 472 4525 (s)
489 4464 577 4519 arur..
593 4464 706 4523 ric-ln,
717 4465 771 4512 na.

347 4535 379 4596 (t)
392 4535 442 4583 «ln
458 4548 511 4598 quo
525 4534 724 4599 perfectissimo
736 4534 825 4583 Stoico
834 4546 972 4585 summam
984 4533 1168 4597 eloquentiam
1179 4547 1237 4583 non
1254 4531 1406 4583 desiderare
1423 4552 1435 4576 υ

317 4619 345 4655 se
358 4606 405 4655 eit.

349 4678 595 4739 (sternunt-rec.

1333 4770 1349 4820 l
