3742 5167
808 574 953 641 ..9-

319 748 511 839 tutaretur:
531 740 615 809 dum
640 742 734 809 enim
762 741 797 807 in
819 742 924 831 primi
954 740 1035 809 libri
1074 742 1253 832 prooemio
1282 742 1437 832 proposi-

319 857 394 918 tum
410 872 512 917 suum
527 850 689 939 explicat,
707 848 877 929 Quintum
897 849 1042 916 fratrem
1061 850 1243 938 alloquens
1268 853 1439 916 memorat

321 986 337 1019 «
363 979 400 1024 se
430 977 685 1045 nonnunquam
724 955 786 1022 hac
816 954 856 1021 de
878 978 914 1023 re
934 954 977 1021 ab
1005 978 1046 1023 eo
1077 956 1113 1022 in
1143 952 1438 1044 disputationibus

320 1064 505 1131 dissentire
522 1063 645 1143 solere,
663 1062 754 1152 quod
772 1062 1159 1151 ipseeruditissimomm
1191 1062 1365 1129 dominum
1381 1085 1438 1129 ar-

321 1171 408 1237 tibus
428 1169 658 1259 eloqacntium
692 1168 858 1235 coratineri
893 1181 1034 1254 statuat,
1061 1170 1090 1235 is
1124 1176 1241 1236 autem
1276 1169 1374 1235 illam
1395 1168 1439 1235 ab

320 1276 491 1365 elegantia
506 1276 682 1343 doctrinae
702 1275 954 1365 segregandam
975 1283 1072 1365 putet
1101 1281 1135 1344 et
1157 1277 1193 1341 in
1222 1276 1372 1366 quodam
1389 1276 1440 1341 in·

319 1385 411 1472 genii
429 1390 532 1473 atque
549 1384 809 1451 exercitationis
825 1404 951 1471 genere
973 1381 1167 1470 ponendam
1203 1408 1219 1448 a
1247 1385 1302 1468 (l)
1330 1404 1337 1449 :
1372 1404 1440 1471 qua

320 1489 361 1557 de
383 1512 417 1558 re
432 1488 551 1557 eadem
569 1490 731 1557 Crassum
757 1490 1019 1579 Antoniumque
1034 1512 1095 1580 per
1109 1490 1287 1579 dialogum
1315 1487 1440 1557 deinde

262 1610 271 1624 ·
321 1598 519 1664 institutum
535 1596 780 1664 dissentientes
796 1596 968 1664 videmus.
985 1600 1099 1687 Atque
1112 1598 1280 1665 continuo
1300 1596 1341 1663 ad
1363 1619 1439 1663 eam

320 1704 527 1770 sententiam
552 1744 589 1753 -
611 1726 716 1793 quam
746 1725 845 1771 suam
871 1726 945 1772 esse
972 1705 1019 1771 ita
1051 1700 1278 1771 indicavit-
1317 1705 1440 1770 contir-

323 1810 484 1877 mandam
514 1810 580 1877 hoc
600 1818 808 1900 argumento
825 1811 950 1896 utitur,
968 1811 1059 1900 quod
1084 1840 1100 1872 «
1123 1812 1241 1901 plures
1262 1812 1297 1877 in
1327 1811 1441 1878 omni·

323 1918 385 1984 bus
405 1917 537 1985 artibus
557 1940 661 2007 quam
675 1921 710 1984 in
732 1918 875 1985 dicendo
891 1917 1112 1985 admirabiles
1127 1919 1321 1986 exstiterint
1337 1948 1352 1978 a
1370 1918 1403 2005 (2
1430 1940 1437 1985 :

320 2026 376 2092 cui
397 2027 506 2092 mirae
528 2032 706 2093 oratorum
729 2028 895 2115 paucitati
915 2026 951 2094 id
975 2048 1098 2094 causae
1121 2049 1196 2094 esse
1215 2025 1325 2103 docet,
1348 2023 1440 2114 quod

325 2162 339 2193 u
362 2154 403 2199 ex
414 2132 573 2222 pluribus
588 2130 721 2199 artibus
736 2132 930 2223 studiisque
946 2162 961 2195 a
984 2134 1183 2223 eloquentia
1206 2138 1354 2212 constet,
1373 2133 1441 2197 «in

322 2238 450 2328 quibus
470 2240 619 2327 singulis
635 2239 813 2307 elaborare
827 2262 1059 2330 permagnum
1076 2242 1120 2307 sit
1144 2270 1155 2300 ι.
1173 2240 1323 2329 (3).Jam
1343 2261 1439 2319 vero,

323 2350 504 2433 postquam
535 2343 622 2412 hanc
639 2345 833 2412 studiorum
854 2346 1058 2414 varietatem
1098 2345 1249 2414 breviter
1289 2344 1441 2434 explica-

322 2451 372 2518 vit
391 2450 448 2541 ti),
468 2451 595 2540 quibus
615 2459 788 2519 oratorem
806 2453 1016 2519 instructum
1033 2473 1108 2519 esse
1135 2451 1210 2519 vult
1231 2450 1296 2541 (eis
1325 2456 1441 2517 autem

322 2558 570 2625 enumerandis
606 2557 850 2648 philosophiae
882 2581 998 2638 suum,
1034 2564 1067 2625 et
1103 2558 1259 2647 primum
1278 2556 1439 2647 quidem,

322 2662 439 2729 locum
455 2663 638 2751 assignat),
660 2670 734 2730 tum
747 2686 919 2731 summam
933 2665 1124 2731 sententiae
1137 2686 1221 2731 suae
1238 2662 1292 2728 his
1308 2663 1440 2752 planis·

322 2770 422 2835 simis
446 2769 704 2858 verbiscolligit
731 2772 775 2859 (5)
799 2792 805 2837 :
832 2794 906 2837 r...
938 2771 989 2838 Ac
1006 2794 1081 2837 mea
1094 2770 1236 2860 quidem
1270 2770 1442 2836 sententia

326 2903 340 2934 a
369 2897 470 2941 rremo
486 2876 612 2964 poterit
637 2898 711 2942 esse
735 2878 830 2942 omni
865 2877 968 2943 laude
999 2876 1198 2942 cumulatus
1222 2882 1351 2953 orator,
1373 2875 1441 2940 nisi

326 3011 339 3041 ι(
367 2982 432 3047 erit
447 3004 466 3048 o
483 2983 603 3049 unium
630 3003 747 3049 rerum
768 2989 1092 3071 magnarumatque
1112 2983 1241 3048 artium
1262 2983 1441 3048 scientiam

324 3117 340 3149 «
368 3094 610 3156 consecutus»
630 3112 637 3171 ;
656 3089 744 3157 hanc
760 3096 874 3156 autern
900 3090 1048 3155 oratoris
1065 3090 1164 3178 quasi
1193 3075 1380 3154 formulam
1405 3089 1445 3152 in

322 3196 497 3262 forensem
531 3197 764 3286 eloquentiam
793 3196 914 3263 cadere
952 3197 1026 3285 ipse
1054 3196 1169 3262 statim
1197 3195 1439 3284 significatiti),

324 3324 428 3391 quam
441 3302 582 3392 quidem
594 3304 701 3370 solam
715 3304 748 3369 in
763 3302 1003 3393 praesentibus
1014 3301 1112 3369 libris
1127 3324 1163 3368 se
1177 3303 1441 3392 complexurum

324 3432 398 3477 esse
437 3410 619 3499 profitetur
661 3410 725 3500 (7),
750 3452 784 3459 -—
820 3432 1021 3500 quanquam
1043 3409 1135 3476 idem
1165 3412 1213 3476 ait
1233 3408 1298 3475 sibi
1332 3407 1443 3476 videri

325 3544 339 3576 α
358 3516 430 3585 vim
449 3518 598 3584 oratoris
617 3517 940 3607 professionemque
967 3518 1078 3607 ipsam
1100 3516 1187 3585 bene
1206 3515 1341 3583 dicendi
1377 3515 1442 3583 hoe

323 3623 500 3713 suscipere
514 3645 552 3689 ac
568 3624 736 3712 polliceri,
749 3630 788 3690 ut
803 3625 896 3691 omni
917 3624 958 3692 de
975 3647 1023 3707 re,
1046 3646 1286 3714 quaecumque
1306 3625 1349 3690 sit
1366 3646 1443 3714 pro-

325 3730 448 3819 posita,
459 3736 578 3797 ornate
590 3730 632 3797 ab
657 3754 696 3799 eo
716 3732 924 3821 copioseque
945 3730 1109 3799 dicatur»
1131 3731 1191 3820 (8).

369 3837 427 3904 Sic
448 3836 615 3905 habemus
635 3838 669 3904 in
690 3839 922 3928 totiusoperis
937 3838 1114 3928 prooemio
1138 3836 1290 3904 breviter
1304 3836 1444 3903 conclu·

325 3966 398 4010 sam
413 3966 489 4011 eam
504 3946 688 4025 rationem,
710 3943 870 4034 quemad
899 3943 1112 4011 dilatandam
1132 3942 1443 4032 explicandamque

326 4073 450 4139 magna
467 4074 545 4140 pars
560 4050 689 4139 dialogi
702 4052 793 4117 inter
808 4052 970 4118 Crassum
993 4057 1026 4116 et
1053 4051 1244 4116 Antonium
1263 4051 1311 4116 ita
1326 4049 1443 4115 distri·

306 4147 408 4223 'buta
438 4164 501 4238 est,
525 4165 562 4224 ut
582 4156 667 4224 haec
691 4156 734 4224 ab
762 4158 836 4245 ipso
856 4156 900 4224 M.
929 4156 1042 4223 Tullio
1066 4157 1269 4223 summatim
1290 4156 1443 4246 primum

357 4432 390 4495 (1)
405 4432 443 4483 De
460 4432 545 4488 Orat..
559 4432 606 4483 lib.
626 4434 644 4492 l,
660 4436 682 4483 5.
876 4491 879 4501 Ι

356 4502 390 4565 (2)
407 4502 484 4563 lhid„
499 4506 522 4553 6.

357 4575 389 4635 (3)
402 4577 428 4625 et
442 4576 474 4637 (t)
487 4575 564 4635 ibid,
582 4577 664 4625 16-19.

357 4648 391 4708 (5)
405 4646 482 4701 ibid..
500 4649 537 4695 20.

359 4719 391 4782 (6)
409 4719 442 4782 (Ἰ)
456 4722 483 4769 et
498 4720 531 4783 (8)
548 4720 586 4769 De
603 4720 645 4769 Or.
661 4720 682 4780 l,
698 4721 788 4781 21-23;
802 4720 835 4769 cl.
850 4721 883 4781 ll,
894 4722 973 4770 6942.
