3742 5167
1000 1004 1035 1058 lV

497 1260 671 1327 lamnunc
691 1255 841 1347 perspici
863 1260 988 1345 potest,
1006 1254 1179 1344 quomodo
1199 1255 1234 1320 in
1251 1254 1349 1322 libris
1373 1252 1415 1320 de
1431 1255 1573 1321 Oratore

454 1364 631 1454 inscriptis
645 1384 698 1446 ea,
716 1385 803 1452 quae
814 1361 855 1429 de
867 1361 1110 1452 philosophiae
1119 1361 1271 1428 utilitate
1296 1361 1449 1450 primum
1467 1383 1572 1450 pone·

454 1470 590 1554 bantur,
624 1470 665 1537 ad
704 1476 879 1537 certarum
906 1467 1213 1558 philosophiarum
1234 1467 1571 1535 commendationem

454 1577 709 1645 conversasint.
728 1576 890 1644 Necvero
903 1574 1121 1650 mirabimur,
1141 1576 1175 1640 in
1192 1597 1232 1642 eo
1243 1574 1345 1653 libro,
1360 1576 1421 1665 qui
1450 1574 1573 1641 Orator

455 1682 669 1757 inscribitur,
692 1723 735 1731 —
755 1682 814 1750 ubi
830 1682 871 1750 de
891 1684 1055 1750 universa
1075 1681 1297 1772 philosophia
1322 1680 1481 1748 eamdem
1501 1681 1572 1748 fere

455 1798 558 1882 atque
591 1792 629 1857 in
650 1790 719 1856 illis
753 1789 795 1856 de
830 1789 972 1856 Oratore
1000 1788 1098 1856 libris
1136 1789 1357 1871 sententiam,
1389 1788 1444 1855 vel
1475 1789 1573 1854 novis

455 1897 649 1967 rationibus
682 1904 831 1976 auctam,
863 1899 1073 1989 agnovimus
1107 1897 1169 1984 (l),
1206 1937 1242 1947 -
1276 1896 1420 1963 alteram
1453 1917 1573 1983 quaes-

456 2007 560 2074 tionis
577 2011 709 2095 partem
722 2006 822 2096 qnasi
839 2005 1059 2073 obscuratam
1071 2012 1104 2073 et
1120 2005 1368 2073 fereomissam
1384 2026 1468 2070 esse.
1487 2002 1572 2069 Cum

455 2114 549 2182 enim
565 2112 606 2181 de
623 2111 726 2202 hujus
742 2111 822 2178 libri
837 2112 970 2179 ratione
985 2112 1029 2177 M.
1043 2111 1179 2178 Tullius
1191 2118 1308 2201 aperte
1323 2112 1500 2201 professus
1516 2111 1574 2196 sit,

459 2251 473 2283 a
491 2243 527 2287 se
545 2219 639 2286 nulla
656 2225 838 2308 praecepta
853 2240 1116 2309 ponere,neqne
1132 2218 1225 2285 enim
1246 2217 1279 2284 id
1290 2219 1496 2307 suscepisse,
1516 2217 1574 2285 sed

456 2327 656 2395 excellentis
689 2325 908 2415 eloquentiae
937 2326 1087 2415 speciem
1108 2331 1141 2391 et
1166 2325 1315 2392 formam
1353 2325 1573 2405 adumbrare,

455 2456 572 2522 raeque,
590 2432 710 2521 quibas
728 2433 824 2499 retas
835 2456 875 2499 ea
882 2444 1080 2522 pararetur,
1102 2454 1278 2520 reponere,
1299 2431 1359 2499 sed
1375 2433 1488 2522 qualis
1509 2431 1574 2499 sibi

457 2562 531 2606 esse
569 2538 745 2605 videretur
774 2570 787 2600 n
806 2537 867 2627 (2),
898 2538 992 2606 hand
1017 2538 1169 2628 prolecto
1196 2539 1467 2629 exspectandum
1488 2545 1572 2620 erat,

457 2644 639 2727 eum,dum
665 2668 840 2713 summam
855 2646 1003 2712 oratoris
1023 2651 1093 2708 ἰδέαν
1113 2645 1374 2712 describendam
1399 2645 1464 2712 sibi
1497 2670 1574 2736 pro-

457 2751 568 2840 ponit,
585 2751 627 2818 ad
643 2751 884 2841 explicandam
905 2750 1158 2818 eaereitata‘orris
1184 2752 1348 2819 virtutem
1376 2754 1476 2842 quasi
1496 2753 1574 2821 des-

456 2879 644 2924 censurum
661 2880 745 2926 esse.
766 2858 974 2947 Quanquam
1008 2858 1049 2925 de
1069 2859 1291 2926 Aristoteliae
1320 2862 1575 2928 exercitationis

456 2964 606 3031 utilitate
651 2967 762 3054 ipsam
814 2967 1023 3034 sententiam
1068 2989 1129 3056 per
1162 2965 1326 3035 Crassum
1368 2967 1575 3058 explicatam

458 3077 613 3161 repetere
634 3072 781 3154 videtur,
817 3074 900 3140 dum
935 3072 1109 3149 admonet,
1128 3079 1310 3159 oratorem,
1338 3103 1353 3136 «
1381 3097 1451 3142 non
1475 3074 1574 3141 illum

457 3179 652 3269 vulgarem,
674 3181 733 3249 sed
756 3183 849 3249 bunc
877 3183 1117 3264 excellentem,
1134 3206 1154 3250 a
1173 3182 1320 3271 propriis
1354 3183 1512 3272 personis
1543 3187 1576 3248 ot

398 3339 401 3345 ,
457 3286 673 3376 temporibus
689 3311 839 3376 semper,
855 3290 884 3356 si
899 3291 1022 3379 possit,
1043 3296 1270 3357 evocaturum
1290 3312 1365 3357 esse
1381 3297 1575 3357 controver-

457 3394 544 3460 siam
571 3422 597 3476 o,
613 3395 928 3485 animadvertitque
941 3395 1060 3479 simul,
1084 3422 1099 3457 a
1121 3398 1156 3462 in
1171 3396 1236 3463 bac
1252 3398 1466 3486 quaestione,
1489 3419 1577 3487 quae

457 3522 476 3565 a
493 3502 641 3591 propriis
661 3503 862 3591 personiset
882 3503 1096 3593 temporibus
1107 3504 1149 3570 ad
1164 3504 1319 3572 universi
1345 3505 1483 3595 generis
1500 3527 1576 3571 ora-

457 3607 588 3674 tionem
603 3608 761 3675 traducta
776 3616 846 3677 tta<
867 3610 1074 3699 appellatur,
1095 3611 1321 3677 Aristotelem
1336 3610 1576 3677 adulescentes

456 3735 527 3780 non
540 3714 583 3782 ad
595 3714 884 3805 philosophorum
905 3738 1039 3783 morem
1054 3718 1206 3784 tenuiter
1220 3716 1427 3796 disserendi,
1446 3716 1505 3783 sed
1535 3715 1576 3783 ad

457 3820 590 3910 copiam
608 3822 788 3889 rhetorum
809 3823 845 3888 in
861 3830 1201 3914 utramquepartem,
1225 3832 1263 3891 ut
1276 3826 1432 3894 ornatius
1446 3832 1480 3891 et
1493 3824 1578 3891 ube-

460 3928 531 3994 rius
548 3928 615 3996 dici
644 3936 771 4019 posset,
809 3931 1005 3999 exercuisse
1034 3959 1050 3994 »
1068 3930 1130 4020 (¹3).
1161 3931 1261 4012 Quod
1284 3941 1400 4000 antem
1421 3933 1455 3998 in
1477 3952 1577 4021 expo·

459 4036 571 4103 nenda
587 4036 785 4104 dialecticae
809 4039 1067 4128 cognoscendae
1089 4038 1248 4122 utilitate,
1280 4061 1447 4130 —qnam
1474 4040 1579 4105 ratio·

459 4261 515 4309 sive
534 4261 581 4323 qui
595 4262 674 4319 volet,
696 4277 757 4313 eum
771 4264 975 4329 philosophum,
998 4268 1043 4331 qui
1061 4269 1168 4333 copiam
1185 4270 1264 4319 nobis
1284 4284 1374 4321 rerum
1388 4271 1573 4334 orationisque

458 4330 556 4391 tradat,
569 4347 617 4397 per
628 4348 672 4383 me
690 4335 807 4399 appellet
833 4340 968 4387 oratorem
985 4339 1048 4389 licet
1062 4355 1068 4401 3
1084 4341 1141 4389 sive
1164 4341 1236 4391 hunc
1264 4345 1408 4401 oratorem,
1426 4356 1509 4405 quem
1524 4357 1573 4407 ego

459 4402 518 4452 dico
530 4404 692 4525 ¹sapieplrtiam
701 4407 826 4469 junctam
837 4408 936 4459 habere
948 4410 1110 4473 eloquentia,
1123 4412 1315 4479 philosophum
1329 4414 1462 4479 appellare
1475 4414 1569 4475 malet,

458 4488 515 4524 non
529 4488 601 4539 rmpe
621 4490 706 4527 ram...
726 4498 737 4522 n

492 4546 525 4608 (l)
537 4546 575 4598 Cl.
593 4561 683 4612 supra,
697 4552 823 4601 nostrum
835 4565 894 4616 cap.
907 4552 927 4611 1,
943 4567 970 4617 p.
988 4555 1028 4603 tl.

494 4618 527 4680 (2)
548 4618 639 4681 Orat,
657 4623 696 4670 ⁴3.

491 4690 523 4752 (t)
543 4689 618 4742 Orat.
635 4693 728 4753 lt-ro;
745 4695 771 4744 et
785 4696 839 4744 tra.
