3742 5167
1794 522 2152 588 -32-

870 686 1497 777 [quemadmodum
1536 686 1681 755 fere
1720 687 1869 777 ipse
1917 688 1989 753 in
2028 686 2336 754 Phaedro
2380 687 2693 754 Socrates
2739 686 3091 771 admonet,

865 795 934 860 in
976 817 1056 862 ea
1085 801 1254 876 arte,
1288 816 1501 883 quam
1533 794 1930 883 explicavit,
1975 796 2206 862 virum
2265 793 2679 882 prudentem
2711 817 2845 861 non
2871 816 3094 861 versa-

865 907 1100 968 turum
1141 923 1314 983 esse,
1340 902 1478 967 nisi
1511 908 1587 968 ut
1611 902 1849 967 omnia
1882 901 2136 989 pot-iuS,
2177 926 2207 966 (1
2244 923 2421 990 quae
2461 899 2590 966 diis
2616 906 2814 990 grata
2853 900 2994 966 sint
3033 924 3092 978 o,

867 1030 988 1098 pro
1035 1031 1159 1075 sua
1190 1007 1517 1075 facultate
1548 1014 1616 1075 et
1654 1006 1832 1074 dicat
1881 1015 1949 1075 et
1979 1008 2184 1074 faciat
2217 1008 2344 1098 (1)]
2378 1028 2392 1076 :
2440 1048 2519 1056 —-
2565 1007 2684 1074 sed
2725 1006 2875 1096 ejus
2910 1006 3094 1074 modi

865 1116 1228 1182 sententiis
1280 1114 1822 1205 haudquaquam
1851 1113 2167 1181 eamdem
2198 1116 2339 1181 vim
2383 1116 2611 1182 inesse
2651 1116 3096 1206 perspicuum

866 1229 968 1289 est
1017 1228 1229 1311 atque
1272 1221 1376 1288 illi
1429 1229 1766 1311 angustae
1807 1223 2261 1313 concisaeque
2303 1222 2756 1311 disputationi
2796 1221 3099 1289 Socratis

865 1330 937 1395 in
992 1328 1247 1417 Gorqia
1296 1327 1865 1409 demonstrantis,
1913 1358 1944 1392 «
1999 1331 2287 1396 omnino
2354 1329 2501 1396 fieri
2552 1352 2695 1396 non
2749 1352 2975 1419 posse,
3022 1333 3100 1394 ut

865 1437 975 1503 vir
999 1435 1268 1504 dicendi
1322 1438 1588 1527 peritus
1629 1436 1975 1504 rhetorica
2014 1443 2251 1504 utatur
2300 1437 2555 1526 injuste
2614 1442 2681 1504 et
2718 1436 2884 1503 velit
2914 1436 3099 1526 inju-

868 1542 1043 1608 riam
1070 1542 1417 1633 facere(2)
1454 1571 1513 1608 ».
1576 1543 1761 1624 Quin
1819 1544 2056 1625 etiam,
2104 1543 2311 1610 simul
2362 1548 2568 1631 atque
2622 1541 2798 1610 hanc
2830 1544 3097 1633 sapien-

865 1649 1002 1716 tiae
1031 1671 1191 1716 cum
1216 1650 1611 1739 eloquentia
1633 1648 2191 1739 conjunctionem
2210 1651 2501 1717 Crassus
2526 1650 2874 1717 Ciceronis
2895 1651 3100 1717 inter·

869 1777 1024 1844 pres
1052 1756 1120 1821 in
1171 1757 1378 1823 tertio
1430 1756 1514 1822 de
1547 1759 1830 1823 Oratore
1865 1756 2040 1824 libro
2080 1764 2157 1824 ut
2204 1758 2506 1824 maxime
2547 1756 2922 1846 optandam
2987 1780 3103 1846 po-

868 1863 1031 1946 suit,
1093 1862 1403 1952 ejusdem
1454 1863 1997 1954 disputationem
2041 1887 2119 1932 eo
2167 1864 2414 1931 deduci
2456 1863 2797 1945 videmus,
2859 1872 2937 1931 ut
2983 1864 3101 1930 ille

869 1969 1340 2059 SocrateS‚qui
1367 1993 1520 2037 eam
1550 1971 1662 2038 vel
1692 1972 2194 2059 angustissima
2220 1972 2484 2038 ratione
2514 1970 3103 2060 comprehendere

868 2075 936 2140 in
1003 2076 1254 2164 Gorqia
1322 2076 1622 2159 videtur,
1677 2077 1859 2145 idem
1910 2080 1968 2145 is
2010 2079 2224 2146 fuisse
2281 2076 2574 2159 dicatur,
2645 2100 2767 2167 per
2815 2100 3023 2167 quem
3066 2100 3104 2144 a

872 2210 904 2245 «
957 2183 1306 2273 sapienter
1345 2184 1691 2251 sentiendi
1723 2210 1755 2249 1)
1797 2192 1944 2252 arte
1983 2208 2093 2252 ars
2129 2212 2161 2246 «
2197 2185 2371 2253 bene
2411 2184 2682 2253 dicendi
2721 2213 2751 2247 »
2793 2224 2866 2235 --
2901 2191 3105 2275 rupta

870 2290 1099 2380 priore
1141 2290 1505 2379 utriusque
1556 2290 2041 2380 conjunctione
2089 2331 2158 2341 -—
2204 2292 2575 2359 dissociata
2607 2292 2695 2358 sit
2749 2291 2846 2381 (3)
2877 2312 2890 2358 :
2927 2313 3105 2381 quae

871 2416 1101 2461 rerum
1133 2396 1397 2486 species
1447 2397 1704 2484 quibus
1737 2396 2122 2464 rationibus
2155 2397 2547 2476 inducatur,
2594 2398 2675 2465 ad
2717 2421 2821 2484 ea,
2848 2400 2914 2464 in
2950 2399 3103 2488 qui-

873 2499 1000 2566 bus
1039 2522 1427 2583 versamur,
1463 2503 1748 2569 omnino
1782 2504 2077 2591 pertinet
2101 2503 2676 2571 animadvertere.

959 2607 1043 2672 Et
1091 2607 1370 2695 quidem
1423 2608 1542 2674 ille
1597 2609 1884 2675 Crassus
1944 2633 1982 2676 a
2027 2610 2360 2677 Cicerone
2399 2611 2749 2690 inductUS,
2820 2650 2901 2659 —
2938 2610 3106 2676 dum

875 2735 1020 2780 rem
1049 2712 1134 2780 ab
1173 2736 1253 2781 ea
1296 2714 1624 2782 Graeciae
1673 2721 1893 2782 aetate
1927 2717 2191 2805 repetit,
2231 2739 2369 2807 qua
2411 2740 2633 2806 neque
2665 2716 3109 2806 philosophia

875 2842 1100 2910 neque
1141 2821 1535 2911 eloquentia
1596 2828 1925 2910 tanquam
1986 2846 2095 2889 ars
2128 2824 2234 2889 sui
2269 2825 2543 2891 conscia
2584 2824 2980 2902 exsistebat,
3023 2863 3109 2872 —-

874 2950 1028 2995 eam
1057 2928 1434 3016 pristinam
1462 2929 1581 2994 vix
1621 2929 2103 2996 inchoatarum
2146 2931 2403 2997 artium
2448 2932 2955 3014 confusionem,
2993 2953 3109 2997 cu-

867 3032 986 3123 jus
1024 3035 1244 3123 gratia
1310 3056 1553 3101 omnes
1587 3035 1732 3102 fere
1771 3042 1956 3103 artes
1982 3042 2190 3126 atque
2241 3037 2593 3113 doctrinae
2652 3039 2721 3104 in
2777 3060 2917 3104 uno
2961 3038 3108 3102 viro

877 3141 1078 3208 facile
1135 3139 1467 3231 conjungi
1518 3149 1824 3232 possent,
1890 3151 1956 3209 et
2014 3143 2294 3210 laudare
2353 3151 2418 3210 et
2467 3142 2859 3210 desiderare
2918 3141 3109 3211 vide·

883 3252 991 3313 tur
1031 3245 1151 3337 (4),
1189 3247 1478 3337 proinde
1514 3249 1714 3336 quasi
1749 3271 1882 3315 non
1914 3250 2359 3339 intelligeret,
2424 3257 2500 3317 ut
2543 3278 2574 3311 «
2619 3249 3110 3317 distributione

876 3356 1180 3444 partium
1219 3376 1296 3421 ac
1355 3356 1787 3444 separatione
1833 3356 2349 3443 magnitudines
2381 3379 2545 3424 53113
2585 3359 2839 3424 artium
2890 3356 3110 3423 demi-

876 3467 1084 3528 nutas
1115 3483 1264 3528 esse
1303 3463 1401 3548 (5)
1447 3488 1506 3543 »,
1551 3462 1648 3528 ita
1678 3483 1917 3528 earum
1960 3485 2529 3553 unamquamque
2576 3486 2718 3531 non
2746 3465 2893 3531 sine
2932 3467 3112 3551 ejus-

875 3568 1060 3635 modi
1096 3568 1583 3635 distributione
1621 3567 2014 3637 adolescere
2056 3570 2393 3658 potuisse.
2446 3573 2526 3637 In
2568 3593 2705 3660 qua
2771 3572 3114 3638 sententia

880 3696 959 3742 eo
992 3672 1455 3764 progreditur,
1488 3681 1566 3740 ut
1593 3673 1679 3742 ad
1703 3674 1861 3741 illos
1893 3701 1922 3739 c<
1970 3676 2317 3765 sapientes
2363 3702 2425 3758 1),
2460 3700 2635 3767 quos
2679 3683 2878 3743 vetus
2906 3677 3116 3743 Grae-

878 3780 985 3848 cia
1015 3779 1418 3871 jactaverat,
1468 3787 1804 3870 tanquam
1857 3782 2048 3847 illius
2089 3784 2468 3871 permixtae
2509 3811 2538 3843 «
2582 3782 2930 3871 cogitandi
2960 3805 3115 3871 pro-

883 3886 1390 3976 nuntiandique
1408 3887 1694 3954 rationis
1725 3888 2094 3978 »exempla
2116 3889 2379 3978 priscos
2394 3890 2739 3957 Romanos
2763 3888 3115 3980 adjungat,

885 4142 1192 4192 ornamenti
1235 4141 1523 4189 universae
1547 4139 1815 4189 civitati...
1862 4159 1886 4184 »
1934 4166 1990 4174 —
2024 4139 2105 4189 Cf.
2157 4140 2232 4187 De
2259 4139 2587 4198 Inventione,
2616 4140 2655 4198 I,
2686 4142 2732 4197 5,
2789 4137 2853 4188 de
2898 4139 2977 4189 eis
3025 4139 3119 4203 qui

887 4233 909 4258 «
941 4213 1252 4275 eloquentia
1280 4214 1334 4260 et
1358 4210 1615 4274 privatim
1645 4213 1699 4260 et
1724 4211 1939 4274 publice
1961 4211 2264 4261 abutuntur
2296 4226 2339 4259 1).

949 4286 1012 4347 (1)
1042 4282 1274 4332 ΡΙιαειίν.
1312 4285 1401 4331 273
1437 4283 1476 4331 Ε
1507 4283 1721 4345 (graeca
1750 4282 1915 4331 verba
1939 4282 2225 4332 retulimus
2253 4297 2305 4345 p.
2329 4285 2405 4341 27,
2434 4296 2487 4331 n.
2520 4284 2586 4344 7).

950 4358 1013 4419 (2)
1053 4357 1206 4416 Gor9.
1249 4356 1336 4403 461
1396 4354 1439 4402 A
1497 4371 1507 4401 ε
1554 4371 1576 4399 «
1615 4354 1742 4425 ὁρᾷς
1788 4349 1844 4407 δὲ
1887 4352 1977 4406 καὶ
2018 4353 2180 4413 αὐτὸς
2239 4352 2323 4405 ὅτι
2375 4350 2441 4405 αὖ
2486 4351 2866 4429 ὁμολογεῖται,
2899 4352 2991 4407 τὸν
3023 4353 3118 4425 ῥη-

885 4434 1100 4509 τορικὸν
1129 4431 1390 4488 ἀδύνατον
1419 4432 1558 4487 εἶναι
1582 4430 1785 4494 ἀδίκως
1818 4435 2058 4509 χρῆσθαι
2088 4437 2156 4507 τῇ
2189 4432 2457 4507 ῥητορικῇ
2480 4432 2571 4487 καὶ
2603 4430 2803 4487 ἐθέλειν
2833 4431 3037 4486 ἀδικεῖν
3064 4451 3113 4488 ι.

951 4518 1015 4578 (3)
1043 4514 1117 4564 Cf.
1141 4517 1217 4564 De
1249 4515 1337 4564 Or.
1366 4515 1457 4573 Ill,
1491 4516 1656 4562 57-60.

951 4591 1016 4651 (4)
1043 4586 1176 4637 Ibid.
1205 4590 1263 4637 56
1293 4601 1433 4652 sqq„
1460 4588 1550 4636 132
1575 4599 1692 4650 sqq.

950 4660 1015 4724 (5)
1048 4660 1134 4710 Sic
1162 4659 1402 4723 loquitur
1422 4658 1648 4709 Crassus
1679 4659 1751 4708 De
1781 4658 1868 4709 Or.
1893 4658 1985 4718 ΙΙΙ,
2007 4660 2115 4709 132.
