3742 5167
1583 560 1973 643 LlBRARY

1660 629 1878 679 ΟΓΤΗΕ

1505 694 2034 784 υΝΝΕΒΒΙΤΥ

1728 809 1798 847 ΟΓ

1564 835 1960 918 (Ἂωῐοκκκμ

850 1206 1342 1306 QUANTUM
1385 1202 2138 1304 PHILOSOPHlAE
2182 1198 2545 1288 STUDIO

659 1459 791 1549 AD
887 1455 1444 1547 AUGENDAM
1535 1452 1943 1543 DIGENDI
2035 1448 2721 1540 FAGULTATEM

1209 1731 1564 1822 clcaao
1625 1682 2000 1819 Tamus
2018 1728 2181 1816 tur
2279 1758 2284 1762 ·

1383 2334 2064 2420 PROOEMIUM

674 2595 761 2663 Ut
814 2596 884 2660 in
929 2594 1287 2661 tractanda
1350 2596 1777 2683 quaestione,
1824 2618 2037 2684 quam
2086 2595 2248 2662 huic
2304 2603 2537 2662 nostro
2577 2594 2811 2663 libello

578 2700 1050 2785 inscribimus,
1094 2703 1701 2769 ornatissimorum
1762 2702 1973 2790 hujus
2026 2704 2268 2769 aetatis
2317 2704 2813 2791 magistrorum

581 2807 1152 2898 approbationem
1213 2810 1431 2875 secuti
1484 2831 1752 2889 sumuS‚
1797 2810 1894 2875 ita
1950 2808 2033 2875 ad
2098 2832 2251 2876 eam
2291 2830 2576 2897 prorsus
2616 2810 2813 2875 insti-

583 2915 912 2980 tuendam
951 2915 1181 3000 ipsum
1226 2914 1625 2979 Ciceronem
1676 2916 1876 3002 quasi
1916 2924 2271 2981 auctorem
2321 2915 2749 2982 habebamus
2795 2936 2809 2983 :

582 3020 701 3107 qui
736 3040 858 3106 per
897 3018 1092 3083 illam
1125 3017 1379 3082 seriem
1432 3044 1458 3076 «
1507 3023 1969 3084 oratoriorum
2009 3021 2351 3087 librorum
2396 3050 2457 3107 »,
2502 3044 2675 3111 quos
2736 3022 2817 3089 de

587 3129 892 3203 Oratore,
943 3125 1246 3200 Brutum,
1287 3123 1640 3189 Oratorem
1682 3125 2053 3211 inscriptos
2092 3128 2239 3214 ipse
2283 3128 2409 3195 hac
2457 3131 2811 3195 communi

584 3230 1046 3318 appellatione
1095 3226 1455 3317 conjunxit
1498 3229 1621 3319 (1).
1671 3230 1754 3296 de
1805 3229 2249 3319 philosophia
2293 3234 2372 3300 ad
2431 3238 2813 3302 oratorium

583 3358 788 3401 usum
822 3336 1296 3424 cognoscenda
1320 3359 1642 3425 magnam
1671 3338 2175 3403 sententiarum
2196 3341 2600 3408 varietatem
2628 3341 2817 3409 fude-

584 3444 698 3525 rit,
735 3464 906 3531 quas
945 3442 1029 3509 ad
1069 3448 1278 3509 unius
1325 3444 1673 3532 opinionis
1721 3443 2089 3521 rationem,
2119 3452 2463 3531 quantum
2511 3447 2812 3532 licuerit,

586 3549 924 3638 redigere,
975 3548 1184 3639 hujus
1228 3558 1499 3617 nostrae
1545 3549 2036 3639 disputationis
2094 3551 2247 3616 erit.
2301 3552 2478 3617 Nam
2519 3553 2703 3641 quod
2743 3555 2817 3621 in

583 3657 751 3745 ipsis
781 3656 1036 3723 horum
1061 3655 1395 3722 librorum
1418 3657 1610 3736 lociS,
1635 3656 1718 3723 ad
1743 3679 1916 3745 quos
1931 3657 2231 3723 maxime
2262 3679 2383 3723 nos
2419 3657 2811 3740 referimus,

584 3772 650 3832 et
690 3764 870 3854 juris
923 3763 1151 3830 civilis
1197 3769 1263 3829 et
1301 3790 1329 3822 «
1366 3763 1800 3851 antiquitatis
1839 3792 1867 3824 »
1903 3763 2374 3851 cognitionem
2409 3764 2614 3831 simul
2653 3788 2808 3833 cum

586 3868 1070 3959 philosophiae
1109 3868 1337 3935 studio
1392 3862 1742 3957 tanquam
1781 3870 2040 3936 oratori
2088 3869 2811 3957 comprehendendam

585 3976 948 4063 designare
1015 3974 1190 4042 solet
1244 3976 1360 4063 (2),
1425 4014 1504 4024 —
1568 3974 1637 4040 id
1679 3976 1968 4043 minime
2034 3974 2373 4059 obstabat,
2437 3979 2813 4064 quominus

648 4187 712 4248 (1)
735 4185 874 4232 Dum
887 4197 979 4232 eos
997 4180 1244 4244 adjungit
1272 4178 1338 4228 ad
1364 4180 1829 4228 enumerationem
1849 4179 2110 4228 librorum
2135 4193 2270 4243 quos
2302 4178 2367 4229 de
2386 4180 2550 4229 variis
2575 4178 2814 4242 philoso-

582 4257 739 4321 phiae
758 4275 780 4299 «
799 4255 933 4304 locis
965 4273 987 4297 >›
1017 4254 1322 4315 scripserat,
1356 4278 1414 4286 —
1443 4252 1499 4299 in
1533 4251 1805 4314 prooemio
1833 4249 1959 4299 libri
1981 4250 2204 4301 secundi
2231 4252 2303 4300 De
2331 4252 2687 4301 Divinatione.

651 4331 714 4391 (2)
748 4326 822 4376 Cf.
846 4327 922 4374 De
939 4324 1161 4374 Oratore
1183 4323 1277 4371 lib.
1294 4322 1331 4380 Ι,
1350 4324 1706 4385 prooemium,
1725 4324 1890 4381 17-18,
1916 4325 2075 4385 atque
2101 4337 2287 4372 rursus
2310 4324 2546 4383 165-2013
2570 4323 2813 4380 Brutum,

585 4401 700 4457 3223
730 4399 1019 4450 Oratorem,
1052 4396 1156 4444 120.
1204 4395 1265 4442 In
1283 4406 1387 4454 quo
1418 4393 1786 4453 Quintilianus
1819 4393 2132 4443 Ciceronem
2169 4397 2387 4443 secutus
2446 4397 2545 4454 est,
2591 4392 2658 4442 cf.
2696 4392 2814 4454 ejus

583 4468 761 4518 Instit.
788 4468 935 4517 Orat.
958 4467 1070 4526 XII,
1104 4480 1219 4530 cap.
1247 4469 1343 4516 1-4.

645 4540 708 4588 In
731 4537 1080 4601 designandis
1102 4539 1267 4588 variis
1299 4538 1569 4590 Ciceronis
1600 4536 1735 4587 locis
1768 4537 1942 4585 secuti
1983 4549 2169 4585 sumus
2202 4535 2467 4584 editiones
2498 4535 2816 4585 Teubneria·

587 4625 708 4660 nas:
743 4611 798 4660 in
830 4610 985 4659 libris
1028 4610 1104 4659 De
1133 4610 1374 4670 Oratore,
1403 4609 1524 4659 edit.
1552 4608 2106 4667 Piderit-tiarnecker,
2133 4609 2363 4667 1886-903
2396 4608 2453 4655 in
2478 4608 2661 4665 Brut0,
2691 4607 2814 4655 edit.

586 4682 754 4743 Klotz,
780 4683 928 4743 1881;
961 4682 1017 4729 in
1041 4684 1232 4731 ceteris
1263 4682 1515 4746 operibus
1550 4680 1831 4730 rhetoricis
1861 4679 1989 4729 edit.
2019 4678 2284 4729 Friedrich
2303 4693 2314 4739 ;
2334 4680 2389 4727 in
2408 4678 2742 4728 orationibus
2766 4680 2820 4727 et
