3742 5167
1814 518 2159 584 -30-

899 690 1064 773 tiae,
1117 710 1327 778 quam
1379 688 1451 754 in
1501 688 1810 755 Phaedro
1866 689 2063 756 Plato
2110 689 2368 756 oratori
2430 689 2865 773 attribuerat,
2926 690 3128 780 quasi

899 796 1323 862 lineamenta
1384 802 1661 863 secutus
1728 819 1879 864 esse
1918 796 2219 873 videtur,
2264 796 2362 863 ita
2398 802 2660 881 tamen,
2716 803 2793 864 ut
2842 820 2881 864 a
2919 797 3133 863 subli-

901 901 1242 969 mioribus
1270 902 1578 969 Platonis
1605 903 1929 970 formulis
1969 902 2053 970 ad
2095 903 2547 971 humiliorem
2586 905 2769 971 vitae
2816 902 3133 971 conside-

901 1010 1241 1077 rationem
1276 1032 1424 1076 rem
1466 1008 1825 1077 reduceret
1870 1063 1885 1076 .

987 1117 1144 1184 Jam
1185 1139 1370 1199 vere,
1397 1122 1472 1183 ut
1502 1138 1623 1206 per
1672 1116 1982 1206 singulas
2026 1118 2125 1184 rei
2162 1118 2260 1184 ita
2297 1117 2677 1206 explicatae
2719 1124 2949 1207 partes
2984 1115 3128 1183 Pla-

899 1224 1085 1290 tonis
1144 1222 1680 1290 similitudinem
1734 1223 1965 1291 verbis
2029 1224 2260 1314 potius
2319 1246 2531 1313 quam
2601 1224 2807 1291 rebus
2856 1246 3131 1313 expres-

904 1352 1051 1396 sam
1106 1329 1199 1420 (1)
1243 1327 1427 1419 apud
1483 1328 1888 1396 Ciceronem
1954 1331 2382 1415 invenimUS,
2455 1330 2554 1398 sic
2612 1353 2765 1398 eam
2822 1331 3128 1399 maxime

903 1438 1228 1527 persequi
1258 1436 1416 1503 licet
1445 1459 1566 1525 per
1595 1459 1748 1503 eam
1780 1437 1989 1503 latius
2029 1443 2382 1526 patentem
2411 1438 2751 1505 rationem
2778 1460 2988 1527 quam
3029 1460 3132 1505 se-

904 1565 1124 1632 quens
1178 1543 1267 1609 M.
1324 1543 1597 1609 Tullius
1656 1544 1726 1609 in
1786 1543 1927 1610 illis
1983 1542 2064 1611 de
2108 1545 2390 1611 Oratore
2443 1543 2643 1611 libris
2673 1567 2833 1611 cum
2878 1566 3131 1633 magna

903 1648 1392 1740 philosophiae
1430 1649 2032 1717 commendatione
2068 1651 2444 1740 quamdam
2483 1652 2707 1741 ipsius
2746 1649 3132 1718 rhetoricae

903 1754 1382 1846 despiciendae
1423 1756 1883 1823 intentionem
1952 1757 2392 1847 conjunxisse
2439 1757 2741 1825 videtur.
2796 1758 2972 1824 Nam
3014 1758 3131 1825 ille

903 1863 976 1928 in
1019 1862 1327 1929 Phaedro
1368 1861 1708 1941 SocrateS,
1756 1862 1925 1930 dum
1958 1864 2353 1932 dialecticae
2395 1865 2864 1955 cognitionem
2906 1864 3129 1931 maxi-

902 1991 1318 2059 marumque
1405 1991 1640 2036 rerum
1718 1972 2078 2038 scientiam
2151 1974 2410 2039 oratori
2470 1972 2936 2039 necessariam
2982 1994 3131 2037 esse

902 2075 1122 2158 docet,
1170 2075 1298 2143 hoc
1329 2077 1535 2143 etiam
1583 2076 1711 2143 sibi
1771 2101 2159 2168 proponere
2201 2078 2499 2160 videtur,
2553 2084 2625 2145 ut
2671 2076 3128 2157 demonstret,

903 2204 1055 2249 eam
1096 2189 1340 2269 artem,
1405 2206 1580 2273 quae
1628 2185 1839 2275 vulgo
1892 2186 2227 2252 rhetorica
2279 2185 2690 2275 appelletur,
2734 2226 2817 2235 -—
2874 2183 2957 2251 de
2997 2206 3133 2273 qua

904 2289 1185 2378 quidem
1263 2313 1300 2356 a
1369 2289 1680 2357 Phaedro
1745 2293 2159 2381 simpliciter
2233 2294 2729 2381 interrogatur,
2800 2298 3131 2380 tanquam

904 2418 1055 2463 eam
1090 2398 1497 2486 praeteriret
1538 2400 1658 2485 (2),
1704 2440 1773 2449 -
1839 2405 1960 2465 aut
2009 2400 2187 2465 nihil
2227 2407 2347 2466 aut
2412 2398 2676 2488 aliquid
2736 2420 2990 2465 vanum
3058 2419 3134 2463 ac

882 2502 1407 2596 'perridiculum
1473 2525 1683 2571 esse:
1755 2528 1966 2593 quam
2035 2506 2351 2572 eamdem
2418 2507 2793 2595 ancipitem
2857 2509 3133 2571 senten-

904 2610 1098 2694 tiam,
1161 2609 1587 2677 Charmadae
1617 2610 2038 2701 philosopho
2108 2611 2314 2700 (sicut
2353 2612 2749 2679 notavimus
2785 2609 2913 2700 (3))
2958 2609 3133 2676 assi-

905 2722 1212 2804 gnatam,
1281 2739 1440 2784 cum
1497 2712 1843 2784 Antonius
1908 2719 1975 2783 in
2043 2741 2435 2787 sermonem
2504 2740 2543 2784 a
2628 2715 2955 2783 Cicerone
3025 2738 3136 2780 ex-

907 2847 1219 2913 pressum
1298 2823 1706 2907 introduxit,
1786 2832 1937 2892 tum
1999 2827 2312 2908 Crassm,
2379 2825 2732 2916 explicans
2789 2830 3135 2914 quatenus

903 2932 1258 3018 intellegat
1281 2938 1500 2997 artem
1542 2954 1706 2998 sane
1736 2932 2046 3022 aliquam
2080 2956 2228 3001 esse
2260 2931 2530 3000 dicendi
2557 2930 2685 3020 (4),
2707 2940 2773 2998 et
2805 2953 2957 2997 eam
2988 2931 3135 3019 qui-

905 3038 1063 3106 dem
1101 3061 1238 3104 non
1271 3037 1784 3127 negligendam,
1837 3039 1987 3129 ejus
2027 3047 2257 3108 tamen
2303 3044 2670 3131 praecepta
2735 3060 2807 3104 se
2858 3060 2995 3104 non
3039 3039 3137 3103 ita

905 3146 1144 3234 magni
1173 3145 1400 3212 facere
1440 3153 1506 3212 et
1534 3145 1681 3235 ipse
1739 3153 1977 3236 aperte
2007 3148 2372 3236 profitetur
2412 3148 2514 3236 (5)
2565 3153 2631 3212 et
2662 3145 2885 3233 magis
2925 3145 3134 3210 etiam
3227 3225 3230 3227 ‚

907 3253 1247 3340 significat
1297 3251 1465 3319 dum
1506 3252 1579 3319 in
1632 3251 1739 3319 his
1771 3254 2033 3320 cursim
2088 3251 2583 3321 enumerandis
2634 3252 2726 3341 (6)
2776 3250 2968 3317 illam
3012 3251 3136 3317 So-

905 3360 1114 3426 cratis
1159 3387 1189 3420 «
1233 3360 1529 3427 ironiam
1568 3388 1596 3419 »
1651 3360 1747 3448 (7)
1807 3360 2069 3426 imitari
2110 3360 2433 3443 videtur3
2477 3380 2705 3448 neque
2753 3358 2969 3445 igitur
2999 3358 3137 3424 for-

906 3466 1080 3533 tuito
1146 3466 1411 3544 incidit,
1457 3472 1536 3533 ut
1563 3464 1748 3533 idem
1788 3467 1859 3532 in
1911 3468 2109 3533 tertio
2171 3466 2343 3534 libro
2384 3465 2802 3555 quibusdam
2861 3471 3141 3532 senten-

897 3573 1026 3638 tiis
1077 3572 1386 3660 proxime
1447 3569 1722 3638 accedat
1799 3570 1883 3637 ad
1950 3572 2176 3660 ipsam
2242 3572 2758 3639 conclusionem
2836 3572 3139 3638 Socratis

907 3678 1308 3747 Phaedrum
1376 3680 1472 3745 sic
1551 3679 1970 3768 alloquentis
2010 3678 2153 3768 (8):
2202 3707 2232 3741 «
2288 3677 2349 3731 Εἰ
2420 3675 2512 3750 μὲν
2553 3698 2635 3731 σοι
2698 3677 2931 3752 ὑπάρχει
2982 3676 3136 3754 φύσει

898 3910 911 3917 ‘
972 3895 1038 3957 (1)
1071 3892 1166 3942 Vel
1192 3892 1248 3941 in
1275 3893 1514 3949 Oratore,
1546 3889 1641 3939 ubi
1671 3904 1734 3939 ea
1768 3889 1832 3938 de
1859 3888 2140 3938 dialectica
2168 3886 2547 3950 cognoscenda
2570 3887 2705 3936 ratio
2737 3886 2918 3936 addita
2950 3888 3045 3935 est.

973 3968 1037 4028 (2)
1068 3965 1144 4015 Cf.
1172 3964 1410 4014 Phaedr.
1437 3965 1526 4011 266
1553 3964 1609 4021 B,
1635 3963 1688 4021 C,
1717 3962 1756 4010 D
1798 3964 1883 4024 (et
1912 3974 2074 4023 supra
2104 3962 2192 4008 260
2222 3961 2301 4022 Ε).

973 4039 1037 4100 (3)
1075 4036 1150 4086 Cf.
1180 4050 1360 4100 supra,
1393 4050 1445 4099 p.
1478 4036 1646 4083 24-25.

973 4110 1038 4171 (4)
1063 4108 1138 4157 Cf.
1175 4109 1246 4156 De
1279 4108 1363 4155 Or.
1399 4109 1436 4164 l,
1462 4108 1550 4155 102
1581 4119 1696 4169 sqq.
1725 4104 1820 4167 (sic
1850 4104 2058 4161 statuit,
2086 4116 2207 4152 eam
2233 4116 2354 4151 esse
2384 4116 2447 4151 eo
2472 4115 2655 4159 sensu,
2684 4114 2790 4163 quo
2814 4100 3142 4150 Charmadas

907 4178 1121 4229 dicebat
1154 4179 1252 4240 (86)
1283 4192 1406 4227 eam
1438 4180 1753 4240 pertenuem
1783 4189 1921 4234 esse,
1958 4202 2017 4210 —
2044 4189 2155 4223 non
2176 4189 2257 4233 ec,
2304 4188 2411 4237 quo
2446 4173 2593 4223 idem
2623 4186 2744 4222 eam
2775 4172 2989 4221 nullam
3015 4186 3134 4222 esse

910 4252 1089 4301 aiebat
1119 4252 1236 4313 (92).

970 4323 1036 4383 (5)
1071 4323 1144 4370 De
1173 4322 1257 4370 Or.
1297 4321 1336 4379 I,
1374 4321 1494 4379 109;
1526 4319 1593 4369 cf.
1627 4320 1715 4377 111,
1748 4321 1829 4369 81.

974 4395 1038 4456 (6)
1071 4395 1145 4442 De
1182 4392 1269 4441 Or.
1303 4394 1342 4451 l,
1375 4393 1602 4449 137-145,
1633 4391 1728 4439 ubi
1771 4390 1836 4440 de
1876 4379 2081 4439 eisdem
2121 4390 2425 4455 praeceptis
2457 4388 2651 4453 agitur,
2698 4401 2837 4450 quos
2884 4386 3145 4436 irridebat

910 4464 1238 4514 Charmadas
1272 4466 1348 4514 86.
1376 4490 1438 4499 —-
1462 4462 1536 4512 Cf.
1566 4461 1800 4511 Phaedr.
1827 4463 1937 4521 266,
1971 4475 2090 4525 sqq.

974 4537 1039 4599 (Ἴ)
1072 4536 1148 4585 Cf.
1177 4534 1410 4584 Phaedr.
1442 4536 1533 4583 266
1560 4536 1600 4583 D
1627 4548 1743 4598 sqq.

974 4609 1038 4672 (8)
1066 4610 1208 4657 Haec
1230 4608 1473 4657 Socrates
1494 4608 1550 4655 in
1572 4606 1818 4655 Phaedro
1839 4607 1930 4654 269
1955 4606 1994 4654 D
2011 4605 2155 4669 (post
2183 4604 2499 4654 enumerata
2513 4603 2793 4652 rhetorum
2817 4599 3142 4665 praecepta).

911 4678 986 4729 Cf.
1018 4681 1275 4729 Crassum
1304 4680 1361 4728 in
1401 4678 1539 4727 libro
1572 4679 1662 4740 ΙΙΙ,
1695 4680 1986 4742 postquam
2022 4693 2045 4723 «
2078 4677 2303 4725 Coraces
2332 4674 2753 4738 Pamphilosque
2781 4689 2804 4720 »
2839 4673 2935 4735 (81)
2961 4670 3145 4733 irrisit,

3667 2455 3717 2535 „L
