<?xml version="1.0" encoding="UTF-8"?>
<!DOCTYPE html PUBLIC "-//W3C//DTD XHTML 1.0 Transitional//EN"
    "http://www.w3.org/TR/xhtml1/DTD/xhtml1-transitional.dtd">
<html xmlns="http://www.w3.org/1999/xhtml" xml:lang="en" lang="en">
 <head>
  <title>
</title>
<meta http-equiv="Content-Type" content="text/html;charset=utf-8" />
  <meta name='ocr-system' content='tesseract 3.04.00' />
  <meta name='ocr-capabilities' content='ocr_page ocr_carea ocr_par ocr_line ocrx_word'/>
</head>
<body>
  <div class='ocr_page' id='page_1' title='image "./quantumphilosop01liebgoog_0052.png"; bbox 0 0 3742 5167; ppageno 0'>
   <div class='ocr_carea' id='block_1_1' title="bbox 1729 482 2088 548">
    <p class='ocr_par' dir='ltr' id='par_1_1' title="bbox 1729 482 2088 548">
     <span class='ocr_line' id='line_1_1' title="bbox 1729 482 2088 548; baseline -0.006 -15"><span class='ocrx_word' id='word_1_1' title='bbox 1729 482 2088 548; x_wconf 74' lang='lat'>..40—</span> 
     </span>
    </p>
   </div>
   <div class='ocr_carea' id='block_1_2' title="bbox 772 647 3039 1808">
    <p class='ocr_par' dir='ltr' id='par_1_2' title="bbox 772 647 3038 1486">
     <span class='ocr_line' id='line_1_2' title="bbox 772 647 3038 741; baseline -0.001 -22"><span class='ocrx_word' id='word_1_2' title='bbox 772 653 1010 719; x_wconf 76' lang='lat' dir='ltr'>vfuisse</span> <span class='ocrx_word' id='word_1_3' title='bbox 1031 650 1316 718; x_wconf 83' lang='lat' dir='ltr'>Crassus</span> <span class='ocrx_word' id='word_1_4' title='bbox 1339 649 1490 741; x_wconf 88' lang='lat' dir='ltr'>ipse</span> <span class='ocrx_word' id='word_1_5' title='bbox 1513 650 1584 715; x_wconf 90' lang='lat' dir='ltr'>in</span> <span class='ocrx_word' id='word_1_6' title='bbox 1613 649 1853 718; x_wconf 89' lang='lat' dir='ltr'>eodem</span> <span class='ocrx_word' id='word_1_7' title='bbox 1879 670 2198 717; x_wconf 78' lang='lat' dir='ltr'><strong>sermone</strong></span> <span class='ocrx_word' id='word_1_8' title='bbox 2216 647 2474 715; x_wconf 90' lang='lat' dir='ltr'>indicat</span> <span class='ocrx_word' id='word_1_9' title='bbox 2496 649 2611 735; x_wconf 85' lang='lat'>(1),</span> <span class='ocrx_word' id='word_1_10' title='bbox 2635 670 2786 715; x_wconf 91' lang='lat' dir='ltr'>eam</span> <span class='ocrx_word' id='word_1_11' title='bbox 2806 670 3038 716; x_wconf 89' lang='lat' dir='ltr'>recen-</span> 
     </span>
     <span class='ocr_line' id='line_1_3' title="bbox 797 754 3033 849; baseline -0.001 -22"><span class='ocrx_word' id='word_1_12' title='bbox 797 760 1043 827; x_wconf 89' lang='lat' dir='ltr'>tiorem</span> <span class='ocrx_word' id='word_1_13' title='bbox 1084 758 1498 825; x_wconf 86' lang='lat' dir='ltr'>sententiam</span> <span class='ocrx_word' id='word_1_14' title='bbox 1540 756 1682 823; x_wconf 88' lang='lat' dir='ltr'>fere</span> <span class='ocrx_word' id='word_1_15' title='bbox 1729 756 2165 849; x_wconf 81' lang='lat' dir='ltr'>sequebatur,</span> <span class='ocrx_word' id='word_1_16' title='bbox 2206 754 2405 845; x_wconf 86' lang='lat' dir='ltr'>cujus</span> <span class='ocrx_word' id='word_1_17' title='bbox 2447 761 2513 822; x_wconf 93' lang='lat' dir='ltr'>et</span> <span class='ocrx_word' id='word_1_18' title='bbox 2549 761 2790 824; x_wconf 78' lang='lat' dir='ltr'>auctor</span> <span class='ocrx_word' id='word_1_19' title='bbox 2830 761 3033 825; x_wconf 88' lang='lat' dir='ltr'>Arce-</span> 
     </span>
     <span class='ocr_line' id='line_1_4' title="bbox 796 863 3027 953; baseline -0.002 -20"><span class='ocrx_word' id='word_1_20' title='bbox 796 867 960 933; x_wconf 84' lang='lat' dir='ltr'>silas</span> <span class='ocrx_word' id='word_1_21' title='bbox 991 870 1055 932; x_wconf 93' lang='lat' dir='ltr'>et</span> <span class='ocrx_word' id='word_1_22' title='bbox 1119 865 1351 932; x_wconf 89' lang='lat' dir='ltr'>fautor</span> <span class='ocrx_word' id='word_1_23' title='bbox 1401 870 1640 953; x_wconf 89' lang='lat' dir='ltr'>postea</span> <span class='ocrx_word' id='word_1_24' title='bbox 1711 864 2095 930; x_wconf 89' lang='lat' dir='ltr'>Carneades</span> <span class='ocrx_word' id='word_1_25' title='bbox 2132 885 2164 926; x_wconf 65' lang='lat' dir='ltr'>&lt;z</span> <span class='ocrx_word' id='word_1_26' title='bbox 2206 885 2460 930; x_wconf 89' lang='lat' dir='ltr'>novam</span> <span class='ocrx_word' id='word_1_27' title='bbox 2513 863 2960 931; x_wconf 81' lang='lat' dir='ltr'>Academiam</span> <span class='ocrx_word' id='word_1_28' title='bbox 2996 889 3027 929; x_wconf 67' lang='grc' dir='ltr'>ι)</span> 
     </span>
     <span class='ocr_line' id='line_1_5' title="bbox 797 968 3033 1058; baseline -0.001 -19"><span class='ocrx_word' id='word_1_29' title='bbox 797 972 1097 1039; x_wconf 87' lang='lat' dir='ltr'>maxime</span> <span class='ocrx_word' id='word_1_30' title='bbox 1127 972 1671 1038; x_wconf 80' lang='lat' dir='ltr'>illustraverant.</span> <span class='ocrx_word' id='word_1_31' title='bbox 1717 971 2032 1051; x_wconf 80' lang='lat' dir='ltr'>Quorum</span> <span class='ocrx_word' id='word_1_32' title='bbox 2069 968 2351 1058; x_wconf 90' lang='lat' dir='ltr'>quidem</span> <span class='ocrx_word' id='word_1_33' title='bbox 2388 968 2683 1036; x_wconf 87' lang='lat' dir='ltr'>alterum</span> <span class='ocrx_word' id='word_1_34' title='bbox 2716 998 2744 1029; x_wconf 92' lang='lat'>«</span> <span class='ocrx_word' id='word_1_35' title='bbox 2776 971 3033 1037; x_wconf 90' lang='lat' dir='ltr'>eximio</span> 
     </span>
     <span class='ocr_line' id='line_1_6' title="bbox 796 1075 3027 1168; baseline -0.002 -23"><span class='ocrx_word' id='word_1_36' title='bbox 796 1077 1098 1168; x_wconf 90' lang='lat' dir='ltr'>quodam</span> <span class='ocrx_word' id='word_1_37' title='bbox 1155 1078 1390 1167; x_wconf 89' lang='lat' dir='ltr'>lepore</span> <span class='ocrx_word' id='word_1_38' title='bbox 1440 1076 1713 1143; x_wconf 91' lang='lat' dir='ltr'>dicendi</span> <span class='ocrx_word' id='word_1_39' title='bbox 1758 1098 1964 1143; x_wconf 90' lang='lat' dir='ltr'>usum</span> <span class='ocrx_word' id='word_1_40' title='bbox 2009 1098 2160 1142; x_wconf 93' lang='lat' dir='ltr'>esse</span> <span class='ocrx_word' id='word_1_41' title='bbox 2208 1104 2261 1159; x_wconf 87' lang='lat'>»‚</span> <span class='ocrx_word' id='word_1_42' title='bbox 2312 1075 2487 1141; x_wconf 88' lang='lat' dir='ltr'>sicut</span> <span class='ocrx_word' id='word_1_43' title='bbox 2530 1075 3027 1166; x_wconf 83' lang='lat' dir='ltr'>ferebatur(2)‚</span> 
     </span>
     <span class='ocr_line' id='line_1_7' title="bbox 797 1179 3034 1269; baseline -0.001 -17"><span class='ocrx_word' id='word_1_44' title='bbox 797 1184 1085 1252; x_wconf 81' lang='lat' dir='ltr'>Crassus</span> <span class='ocrx_word' id='word_1_45' title='bbox 1137 1189 1478 1251; x_wconf 90' lang='lat' dir='ltr'>memorat</span> <span class='ocrx_word' id='word_1_46' title='bbox 1537 1204 1548 1260; x_wconf 91' lang='lat'>;</span> <span class='ocrx_word' id='word_1_47' title='bbox 1595 1184 1893 1248; x_wconf 88' lang='lat' dir='ltr'>alterum</span> <span class='ocrx_word' id='word_1_48' title='bbox 1938 1209 1968 1242; x_wconf 92' lang='lat'>«</span> <span class='ocrx_word' id='word_1_49' title='bbox 2033 1179 2272 1247; x_wconf 89' lang='lat' dir='ltr'>divina</span> <span class='ocrx_word' id='word_1_50' title='bbox 2328 1179 2629 1269; x_wconf 91' lang='lat' dir='ltr'>quadam</span> <span class='ocrx_word' id='word_1_51' title='bbox 2684 1182 3034 1250; x_wconf 90' lang='lat' dir='ltr'>celeritate</span> 
     </span>
     <span class='ocr_line' id='line_1_8' title="bbox 795 1286 3030 1381; baseline -0.002 -24"><span class='ocrx_word' id='word_1_52' title='bbox 795 1292 1062 1381; x_wconf 82' lang='lat' dir='ltr'>ingenii</span> <span class='ocrx_word' id='word_1_53' title='bbox 1103 1290 1516 1379; x_wconf 88' lang='lat' dir='ltr'>dicendique</span> <span class='ocrx_word' id='word_1_54' title='bbox 1556 1289 1753 1377; x_wconf 89' lang='lat' dir='ltr'>copia</span> <span class='ocrx_word' id='word_1_55' title='bbox 1807 1316 1838 1349; x_wconf 91' lang='lat'>»</span> <span class='ocrx_word' id='word_1_56' title='bbox 1885 1289 2121 1366; x_wconf 85' lang='lat' dir='ltr'>fuisse,</span> <span class='ocrx_word' id='word_1_57' title='bbox 2175 1296 2213 1353; x_wconf 88' lang='lat' dir='ltr'>a</span> <span class='ocrx_word' id='word_1_58' title='bbox 2264 1286 2529 1370; x_wconf 83' lang='lat' dir='ltr'>multiS‚</span> <span class='ocrx_word' id='word_1_59' title='bbox 2575 1288 2690 1375; x_wconf 91' lang='lat' dir='ltr'>qui</span> <span class='ocrx_word' id='word_1_60' title='bbox 2730 1310 2890 1354; x_wconf 93' lang='lat' dir='ltr'>eum</span> <span class='ocrx_word' id='word_1_61' title='bbox 2923 1289 3030 1356; x_wconf 88' lang='lat' dir='ltr'>vel</span> 
     </span>
     <span class='ocr_line' id='line_1_9' title="bbox 795 1389 2939 1486; baseline -0.002 -22"><span class='ocrx_word' id='word_1_62' title='bbox 795 1397 1092 1464; x_wconf 88' lang='lat' dir='ltr'>Athenis</span> <span class='ocrx_word' id='word_1_63' title='bbox 1113 1398 1221 1464; x_wconf 91' lang='lat' dir='ltr'>vel</span> <span class='ocrx_word' id='word_1_64' title='bbox 1264 1389 1520 1463; x_wconf 87' lang='lat' dir='ltr'>Romae</span> <span class='ocrx_word' id='word_1_65' title='bbox 1559 1395 1971 1475; x_wconf 88' lang='lat' dir='ltr'>audiissent,</span> <span class='ocrx_word' id='word_1_66' title='bbox 2007 1419 2077 1462; x_wconf 93' lang='lat' dir='ltr'>se</span> <span class='ocrx_word' id='word_1_67' title='bbox 2105 1396 2456 1486; x_wconf 90' lang='lat' dir='ltr'>accepisse</span> <span class='ocrx_word' id='word_1_68' title='bbox 2496 1400 2792 1461; x_wconf 88' lang='lat' dir='ltr'>testatur</span> <span class='ocrx_word' id='word_1_69' title='bbox 2819 1394 2939 1484; x_wconf 90' lang='lat'>(3)</span> 
     </span>
    </p>

    <p class='ocr_par' dir='ltr' id='par_1_3' title="bbox 799 1500 3039 1808">
     <span class='ocr_line' id='line_1_10' title="bbox 889 1500 3027 1593; baseline -0.004 -22"><span class='ocrx_word' id='word_1_70' title='bbox 889 1531 920 1566; x_wconf 92' lang='lat'>«</span> <span class='ocrx_word' id='word_1_71' title='bbox 965 1506 1160 1571; x_wconf 92' lang='lat' dir='ltr'>Hanc</span> <span class='ocrx_word' id='word_1_72' title='bbox 1200 1504 1413 1593; x_wconf 83' lang='lat' dir='ltr'>igitur</span> <span class='ocrx_word' id='word_1_73' title='bbox 1435 1500 1890 1569; x_wconf 90' lang='lat' dir='ltr'>Carneadiam</span> <span class='ocrx_word' id='word_1_74' title='bbox 1934 1510 2051 1569; x_wconf 89' lang='lat' dir='ltr'>aut</span> <span class='ocrx_word' id='word_1_75' title='bbox 2094 1503 2287 1569; x_wconf 92' lang='lat' dir='ltr'>illam</span> <span class='ocrx_word' id='word_1_76' title='bbox 2314 1502 2792 1569; x_wconf 80' lang='lat' dir='ltr'>Aristoteliam</span> <span class='ocrx_word' id='word_1_77' title='bbox 2821 1503 2962 1568; x_wconf 90' lang='lat' dir='ltr'>vim</span> <span class='ocrx_word' id='word_1_78' title='bbox 2998 1532 3027 1563; x_wconf 68' lang='grc' dir='ltr'>»ι</span> 
     </span>
     <span class='ocr_line' id='line_1_11' title="bbox 801 1608 3039 1700; baseline -0.001 -20"><span class='ocrx_word' id='word_1_79' title='bbox 801 1612 1096 1680; x_wconf 87' lang='lat' dir='ltr'>Crassus</span> <span class='ocrx_word' id='word_1_80' title='bbox 1149 1610 1396 1677; x_wconf 83' lang='lat' dir='ltr'>statuit</span> <span class='ocrx_word' id='word_1_81' title='bbox 1465 1630 1613 1675; x_wconf 88' lang='lat' dir='ltr'>esse</span> <span class='ocrx_word' id='word_1_82' title='bbox 1681 1608 2415 1699; x_wconf 81' lang='lat' dir='ltr'>comprehendendam</span> <span class='ocrx_word' id='word_1_83' title='bbox 2476 1610 2562 1689; x_wconf 86' lang='lat' dir='ltr'>ei,</span> <span class='ocrx_word' id='word_1_84' title='bbox 2612 1610 2733 1700; x_wconf 92' lang='lat' dir='ltr'>qui</span> <span class='ocrx_word' id='word_1_85' title='bbox 2770 1634 2801 1673; x_wconf 80' lang='lat' dir='ltr'>c(</span> <span class='ocrx_word' id='word_1_86' title='bbox 2847 1610 3039 1677; x_wconf 89' lang='lat' dir='ltr'>illam</span> 
     </span>
     <span class='ocr_line' id='line_1_12' title="bbox 799 1715 3035 1808; baseline -0.003 -23"><span class='ocrx_word' id='word_1_87' title='bbox 799 1717 1231 1808; x_wconf 88' lang='lat' dir='ltr'>praeclaram</span> <span class='ocrx_word' id='word_1_88' title='bbox 1293 1720 1357 1782; x_wconf 86' lang='lat' dir='ltr'>et</span> <span class='ocrx_word' id='word_1_89' title='bbox 1425 1715 1757 1782; x_wconf 87' lang='lat' dir='ltr'>eximiam</span> <span class='ocrx_word' id='word_1_90' title='bbox 1837 1717 2140 1804; x_wconf 87' lang='lat' dir='ltr'>speciem</span> <span class='ocrx_word' id='word_1_91' title='bbox 2237 1717 2529 1783; x_wconf 89' lang='lat' dir='ltr'>oratoris</span> <span class='ocrx_word' id='word_1_92' title='bbox 2626 1718 2911 1803; x_wconf 79' lang='lat' dir='ltr'>perfecti</span> <span class='ocrx_word' id='word_1_93' title='bbox 2979 1747 3035 1803; x_wconf 81' lang='lat'>»,</span> 
     </span>
    </p>
   </div>
   <div class='ocr_carea' id='block_1_3' title="bbox 799 1822 3134 1913">
    <p class='ocr_par' dir='ltr' id='par_1_4' title="bbox 799 1822 3134 1913">
     <span class='ocr_line' id='line_1_13' title="bbox 799 1822 3134 1913; baseline -0 -22"><span class='ocrx_word' id='word_1_94' title='bbox 799 1847 1012 1913; x_wconf 91' lang='lat' dir='ltr'>quam</span> <span class='ocrx_word' id='word_1_95' title='bbox 1041 1845 1112 1889; x_wconf 93' lang='lat' dir='ltr'>se</span> <span class='ocrx_word' id='word_1_96' title='bbox 1149 1823 1410 1888; x_wconf 90' lang='lat' dir='ltr'>intueri</span> <span class='ocrx_word' id='word_1_97' title='bbox 1446 1822 1735 1892; x_wconf 84' lang='lat' dir='ltr'>Crassus</span> <span class='ocrx_word' id='word_1_98' title='bbox 1774 1843 1917 1886; x_wconf 91' lang='lat' dir='ltr'>non</span> <span class='ocrx_word' id='word_1_99' title='bbox 1961 1822 2176 1888; x_wconf 88' lang='lat' dir='ltr'>semel</span> <span class='ocrx_word' id='word_1_100' title='bbox 2206 1823 2577 1912; x_wconf 86' lang='lat' dir='ltr'>significat,</span> <span class='ocrx_word' id='word_1_101' title='bbox 2615 1822 2746 1889; x_wconf 91' lang='lat' dir='ltr'>sibi</span> <span class='ocrx_word' id='word_1_102' title='bbox 2789 1847 3040 1913; x_wconf 90' lang='lat' dir='ltr'>propo·</span> <span class='ocrx_word' id='word_1_103' title='bbox 3131 1877 3134 1878; x_wconf 15' lang='grc' dir='ltr'><em>ν</em></span> 
     </span>
    </p>
   </div>
   <div class='ocr_carea' id='block_1_4' title="bbox 798 1928 3039 3301">
    <p class='ocr_par' dir='ltr' id='par_1_5' title="bbox 798 1928 3039 3301">
     <span class='ocr_line' id='line_1_14' title="bbox 801 1928 3035 2019; baseline -0 -22"><span class='ocrx_word' id='word_1_104' title='bbox 801 1931 1017 1998; x_wconf 92' lang='lat' dir='ltr'>suerit</span> <span class='ocrx_word' id='word_1_105' title='bbox 1068 1930 1185 2015; x_wconf 77' lang='lat'>(4).</span> <span class='ocrx_word' id='word_1_106' title='bbox 1242 1928 1482 2017; x_wconf 91' lang='lat' dir='ltr'>Neque</span> <span class='ocrx_word' id='word_1_107' title='bbox 1532 1950 1696 1995; x_wconf 88' lang='lat' dir='ltr'>vero</span> <span class='ocrx_word' id='word_1_108' title='bbox 1765 1928 1985 1994; x_wconf 91' lang='lat' dir='ltr'>multo</span> <span class='ocrx_word' id='word_1_109' title='bbox 2062 1950 2259 1995; x_wconf 90' lang='lat' dir='ltr'>secus</span> <span class='ocrx_word' id='word_1_110' title='bbox 2316 1929 2399 1995; x_wconf 92' lang='lat' dir='ltr'>de</span> <span class='ocrx_word' id='word_1_111' title='bbox 2458 1929 3035 2019; x_wconf 90' lang='lat' dir='ltr'>philosophorum</span> 
     </span>
     <span class='ocr_line' id='line_1_15' title="bbox 799 2022 3034 2126; baseline -0 -23"><span class='ocrx_word' id='word_1_112' title='bbox 799 2036 1089 2103; x_wconf 87' lang='lat' dir='ltr'>familiis</span> <span class='ocrx_word' id='word_1_113' title='bbox 1123 2034 1553 2124; x_wconf 84' lang='lat' dir='ltr'>judicantem</span> <span class='ocrx_word' id='word_1_114' title='bbox 1587 2035 1971 2100; x_wconf 89' lang='lat' dir='ltr'>Antonium</span> <span class='ocrx_word' id='word_1_115' title='bbox 2001 2035 2231 2123; x_wconf 90' lang='lat' dir='ltr'>ipsum</span> <span class='ocrx_word' id='word_1_116' title='bbox 2259 2036 2333 2101; x_wconf 90' lang='lat' dir='ltr'>in</span> <span class='ocrx_word' id='word_1_117' title='bbox 2365 2022 2665 2104; x_wconf 90' lang='lat' dir='ltr'>secundo</span> <span class='ocrx_word' id='word_1_118' title='bbox 2697 2036 3034 2126; x_wconf 89' lang='lat' dir='ltr'>librojam</span> 
     </span>
     <span class='ocr_line' id='line_1_16' title="bbox 801 2141 3036 2231; baseline -0 -21"><span class='ocrx_word' id='word_1_119' title='bbox 801 2141 1258 2210; x_wconf 89' lang='lat' dir='ltr'>audiebamus</span> <span class='ocrx_word' id='word_1_120' title='bbox 1295 2162 1308 2208; x_wconf 75' lang='grc' dir='ltr'>ε</span> <span class='ocrx_word' id='word_1_121' title='bbox 1355 2143 1499 2231; x_wconf 86' lang='lat' dir='ltr'>qui,</span> <span class='ocrx_word' id='word_1_122' title='bbox 1540 2182 1618 2190; x_wconf 88' lang='lat'>-</span> <span class='ocrx_word' id='word_1_123' title='bbox 1644 2164 1803 2207; x_wconf 92' lang='lat' dir='ltr'>cum</span> <span class='ocrx_word' id='word_1_124' title='bbox 1836 2142 1919 2208; x_wconf 90' lang='lat' dir='ltr'>ad</span> <span class='ocrx_word' id='word_1_125' title='bbox 1962 2143 2669 2210; x_wconf 87' lang='lat' dir='ltr'>oratorisinstruendi</span> <span class='ocrx_word' id='word_1_126' title='bbox 2699 2145 3036 2210; x_wconf 89' lang='lat' dir='ltr'>rationem</span> 
     </span>
     <span class='ocr_line' id='line_1_17' title="bbox 798 2247 3037 2338; baseline -0.001 -21"><span class='ocrx_word' id='word_1_127' title='bbox 798 2256 940 2317; x_wconf 89' lang='lat' dir='ltr'>tres</span> <span class='ocrx_word' id='word_1_128' title='bbox 1002 2249 1161 2315; x_wconf 92' lang='lat' dir='ltr'>illos</span> <span class='ocrx_word' id='word_1_129' title='bbox 1226 2249 1653 2315; x_wconf 91' lang='lat' dir='ltr'>clarissimos</span> <span class='ocrx_word' id='word_1_130' title='bbox 1721 2247 2179 2337; x_wconf 88' lang='lat' dir='ltr'>philosophos</span> <span class='ocrx_word' id='word_1_131' title='bbox 2221 2250 2507 2315; x_wconf 85' lang='lat' dir='ltr'>referret</span> <span class='ocrx_word' id='word_1_132' title='bbox 2560 2250 2679 2338; x_wconf 81' lang='lat'>(5),</span> <span class='ocrx_word' id='word_1_133' title='bbox 2740 2272 2913 2337; x_wconf 91' lang='lat' dir='ltr'>quos</span> <span class='ocrx_word' id='word_1_134' title='bbox 2953 2248 3037 2316; x_wconf 92' lang='lat' dir='ltr'>ad</span> 
     </span>
     <span class='ocr_line' id='line_1_18' title="bbox 800 2354 3038 2443; baseline -0 -20"><span class='ocrx_word' id='word_1_135' title='bbox 800 2361 1119 2423; x_wconf 90' lang='lat' dir='ltr'>senatum</span> <span class='ocrx_word' id='word_1_136' title='bbox 1173 2355 1435 2443; x_wconf 82' lang='lat' dir='ltr'>legatos</span> <span class='ocrx_word' id='word_1_137' title='bbox 1466 2354 1927 2429; x_wconf 84' lang='lat' dir='ltr'>Athenienses</span> <span class='ocrx_word' id='word_1_138' title='bbox 1987 2354 2068 2422; x_wconf 94' lang='lat' dir='ltr'>de</span> <span class='ocrx_word' id='word_1_139' title='bbox 2126 2356 2270 2422; x_wconf 91' lang='lat' dir='ltr'>suis</span> <span class='ocrx_word' id='word_1_140' title='bbox 2303 2355 2509 2422; x_wconf 91' lang='lat' dir='ltr'>rebus</span> <span class='ocrx_word' id='word_1_141' title='bbox 2550 2357 2909 2438; x_wconf 90' lang='lat' dir='ltr'>miserant,</span> <span class='ocrx_word' id='word_1_142' title='bbox 2959 2398 3038 2405; x_wconf 97' lang='lat'><strong>—</strong></span> 
     </span>
     <span class='ocr_line' id='line_1_19' title="bbox 802 2460 3037 2551; baseline 0.001 -22"><span class='ocrx_word' id='word_1_143' title='bbox 802 2464 1185 2551; x_wconf 86' lang='lat' dir='ltr'>Diogenem</span> <span class='ocrx_word' id='word_1_144' title='bbox 1215 2462 1523 2528; x_wconf 89' lang='lat' dir='ltr'>Stoicum</span> <span class='ocrx_word' id='word_1_145' title='bbox 1558 2468 1840 2550; x_wconf 89' lang='lat' dir='ltr'>propter</span> <span class='ocrx_word' id='word_1_146' title='bbox 1879 2460 2027 2549; x_wconf 84' lang='lat' dir='ltr'>ejus</span> <span class='ocrx_word' id='word_1_147' title='bbox 2058 2488 2089 2522; x_wconf 89' lang='lat'>«</span> <span class='ocrx_word' id='word_1_148' title='bbox 2119 2461 2317 2538; x_wconf 86' lang='lat' dir='ltr'>exile,</span> <span class='ocrx_word' id='word_1_149' title='bbox 2354 2461 2656 2545; x_wconf 86' lang='lat' dir='ltr'>aridum,</span> <span class='ocrx_word' id='word_1_150' title='bbox 2681 2466 3037 2532; x_wconf 87' lang='lat' dir='ltr'>concisum</span> 
     </span>
     <span class='ocr_line' id='line_1_20' title="bbox 802 2568 3039 2655; baseline 0.001 -19"><span class='ocrx_word' id='word_1_151' title='bbox 802 2592 880 2636; x_wconf 89' lang='lat' dir='ltr'>ac</span> <span class='ocrx_word' id='word_1_152' title='bbox 911 2570 1263 2634; x_wconf 87' lang='lat' dir='ltr'>minutum</span> <span class='ocrx_word' id='word_1_153' title='bbox 1290 2569 1632 2635; x_wconf 91' lang='lat' dir='ltr'>sermonis</span> <span class='ocrx_word' id='word_1_154' title='bbox 1659 2590 1881 2655; x_wconf 85' lang='lat' dir='ltr'>genus</span> <span class='ocrx_word' id='word_1_155' title='bbox 1927 2596 1957 2628; x_wconf 91' lang='lat'>»</span> <span class='ocrx_word' id='word_1_156' title='bbox 1992 2568 2413 2651; x_wconf 90' lang='lat' dir='ltr'>dimittebat,</span> <span class='ocrx_word' id='word_1_157' title='bbox 2452 2568 2834 2637; x_wconf 85' lang='lat' dir='ltr'>Critolaum</span> <span class='ocrx_word' id='word_1_158' title='bbox 2876 2594 3039 2639; x_wconf 89' lang='lat' dir='ltr'>vero</span> 
     </span>
     <span class='ocr_line' id='line_1_21' title="bbox 805 2675 3039 2767; baseline 0.001 -24"><span class='ocrx_word' id='word_1_159' title='bbox 805 2676 1342 2765; x_wconf 88' lang='lat' dir='ltr'>Peripateticum</span> <span class='ocrx_word' id='word_1_160' title='bbox 1376 2680 1441 2741; x_wconf 90' lang='lat' dir='ltr'>et</span> <span class='ocrx_word' id='word_1_161' title='bbox 1477 2676 1781 2742; x_wconf 87' lang='lat' dir='ltr'>maxime</span> <span class='ocrx_word' id='word_1_162' title='bbox 1825 2675 2250 2742; x_wconf 88' lang='lat' dir='ltr'>Carneadem</span> <span class='ocrx_word' id='word_1_163' title='bbox 2300 2677 2594 2744; x_wconf 89' lang='lat' dir='ltr'>oratoris</span> <span class='ocrx_word' id='word_1_164' title='bbox 2626 2677 2853 2745; x_wconf 88' lang='lat' dir='ltr'>studio</span> <span class='ocrx_word' id='word_1_165' title='bbox 2886 2701 3039 2767; x_wconf 93' lang='lat' dir='ltr'>pro-</span> 
     </span>
     <span class='ocr_line' id='line_1_22' title="bbox 805 2780 3037 2875; baseline 0.002 -27"><span class='ocrx_word' id='word_1_166' title='bbox 805 2782 1000 2849; x_wconf 87' lang='lat' dir='ltr'>desse</span> <span class='ocrx_word' id='word_1_167' title='bbox 1035 2782 1339 2871; x_wconf 90' lang='lat' dir='ltr'>potuisse</span> <span class='ocrx_word' id='word_1_168' title='bbox 1380 2780 1747 2848; x_wconf 85' lang='lat' dir='ltr'>fatebatur.</span> <span class='ocrx_word' id='word_1_169' title='bbox 1795 2823 1866 2831; x_wconf 83' lang='lat'>-</span> <span class='ocrx_word' id='word_1_170' title='bbox 1931 2782 2064 2849; x_wconf 85' lang='lat' dir='ltr'>Sed</span> <span class='ocrx_word' id='word_1_171' title='bbox 2133 2781 2299 2871; x_wconf 90' lang='lat' dir='ltr'>quid</span> <span class='ocrx_word' id='word_1_172' title='bbox 2367 2783 2498 2850; x_wconf 90' lang='lat' dir='ltr'>sibi</span> <span class='ocrx_word' id='word_1_173' title='bbox 2549 2785 2717 2853; x_wconf 89' lang='lat' dir='ltr'>velit</span> <span class='ocrx_word' id='word_1_174' title='bbox 2775 2791 2839 2852; x_wconf 91' lang='lat' dir='ltr'>et</span> <span class='ocrx_word' id='word_1_175' title='bbox 2899 2809 3037 2875; x_wconf 90' lang='lat' dir='ltr'>quo</span> 
     </span>
     <span class='ocr_line' id='line_1_23' title="bbox 803 2888 3036 2979; baseline 0.001 -23"><span class='ocrx_word' id='word_1_176' title='bbox 803 2888 1039 2956; x_wconf 88' lang='lat' dir='ltr'>tendat</span> <span class='ocrx_word' id='word_1_177' title='bbox 1068 2892 1232 2955; x_wconf 88' lang='lat' dir='ltr'>haec</span> <span class='ocrx_word' id='word_1_178' title='bbox 1287 2910 1532 2955; x_wconf 91' lang='lat' dir='ltr'>earum</span> <span class='ocrx_word' id='word_1_179' title='bbox 1565 2888 2173 2978; x_wconf 90' lang='lat' dir='ltr'>philosophiarum</span> <span class='ocrx_word' id='word_1_180' title='bbox 2237 2891 2773 2975; x_wconf 88' lang='lat' dir='ltr'>commendatio,</span> <span class='ocrx_word' id='word_1_181' title='bbox 2833 2893 3036 2979; x_wconf 83' lang='lat' dir='ltr'>cujus</span> 
     </span>
     <span class='ocr_line' id='line_1_24' title="bbox 807 2996 3033 3087; baseline 0.001 -26"><span class='ocrx_word' id='word_1_182' title='bbox 807 2996 1129 3086; x_wconf 90' lang='lat' dir='ltr'>propriae</span> <span class='ocrx_word' id='word_1_183' title='bbox 1161 2997 1459 3062; x_wconf 87' lang='lat' dir='ltr'>rationes</span> <span class='ocrx_word' id='word_1_184' title='bbox 1488 3018 1710 3085; x_wconf 88' lang='lat' dir='ltr'>neque</span> <span class='ocrx_word' id='word_1_185' title='bbox 1752 2997 1991 3064; x_wconf 89' lang='lat' dir='ltr'>statim</span> <span class='ocrx_word' id='word_1_186' title='bbox 2026 2997 2330 3087; x_wconf 91' lang='lat' dir='ltr'>prolatae</span> <span class='ocrx_word' id='word_1_187' title='bbox 2359 3021 2583 3087; x_wconf 90' lang='lat' dir='ltr'>neque</span> <span class='ocrx_word' id='word_1_188' title='bbox 2614 3000 2749 3066; x_wconf 86' lang='lat' dir='ltr'>nisi</span> <span class='ocrx_word' id='word_1_189' title='bbox 2795 3000 3033 3067; x_wconf 83' lang='lat' dir='ltr'>multis</span> 
     </span>
     <span class='ocr_line' id='line_1_25' title="bbox 806 3102 3038 3196; baseline 0.001 -26"><span class='ocrx_word' id='word_1_190' title='bbox 806 3103 1209 3170; x_wconf 91' lang='lat' dir='ltr'>adventiciis</span> <span class='ocrx_word' id='word_1_191' title='bbox 1264 3102 1468 3169; x_wconf 91' lang='lat' dir='ltr'>rebus</span> <span class='ocrx_word' id='word_1_192' title='bbox 1512 3103 1909 3191; x_wconf 86' lang='lat' dir='ltr'>implicatae</span> <span class='ocrx_word' id='word_1_193' title='bbox 1951 3105 2018 3169; x_wconf 91' lang='lat' dir='ltr'>in</span> <span class='ocrx_word' id='word_1_194' title='bbox 2074 3105 2225 3193; x_wconf 88' lang='lat' dir='ltr'>ipsa</span> <span class='ocrx_word' id='word_1_195' title='bbox 2287 3104 2513 3172; x_wconf 89' lang='lat' dir='ltr'>Crassi</span> <span class='ocrx_word' id='word_1_196' title='bbox 2566 3105 3038 3196; x_wconf 89' lang='lat' dir='ltr'>disputatione</span> 
     </span>
     <span class='ocr_line' id='line_1_26' title="bbox 808 3208 2568 3301; baseline 0.001 -28"><span class='ocrx_word' id='word_1_197' title='bbox 808 3208 1291 3288; x_wconf 89' lang='lat' dir='ltr'>inveniuntur,</span> <span class='ocrx_word' id='word_1_198' title='bbox 1345 3210 1734 3276; x_wconf 88' lang='lat' dir='ltr'>accuratius</span> <span class='ocrx_word' id='word_1_199' title='bbox 1780 3211 2404 3301; x_wconf 92' lang='lat' dir='ltr'>introspiciendum</span> <span class='ocrx_word' id='word_1_200' title='bbox 2446 3218 2568 3279; x_wconf 88' lang='lat' dir='ltr'>est.</span> 
     </span>
    </p>
   </div>
   <div class='ocr_carea' id='block_1_5' title="bbox 1908 3542 1956 3596">
    <p class='ocr_par' dir='ltr' id='par_1_6' title="bbox 1908 3542 1956 3596">
     <span class='ocr_line' id='line_1_27' title="bbox 1908 3542 1956 3596; baseline -0.021 0"><span class='ocrx_word' id='word_1_201' title='bbox 1908 3542 1956 3596; x_wconf 93' lang='lat'>11</span> 
     </span>
    </p>
   </div>
   <div class='ocr_carea' id='block_1_6' title="bbox 812 3747 3045 4163">
    <p class='ocr_par' dir='ltr' id='par_1_7' title="bbox 812 3747 3045 4163">
     <span class='ocr_line' id='line_1_28' title="bbox 901 3747 3043 3849; baseline 0.007 -37"><span class='ocrx_word' id='word_1_202' title='bbox 901 3747 1001 3813; x_wconf 89' lang='lat' dir='ltr'>Ac</span> <span class='ocrx_word' id='word_1_203' title='bbox 1029 3748 1337 3834; x_wconf 87' lang='lat' dir='ltr'>primum</span> <span class='ocrx_word' id='word_1_204' title='bbox 1378 3750 1462 3816; x_wconf 93' lang='lat' dir='ltr'>de</span> <span class='ocrx_word' id='word_1_205' title='bbox 1493 3772 1572 3817; x_wconf 91' lang='lat' dir='ltr'>ea</span> <span class='ocrx_word' id='word_1_206' title='bbox 1611 3752 1879 3818; x_wconf 88' lang='lat' dir='ltr'>ratione</span> <span class='ocrx_word' id='word_1_207' title='bbox 1920 3776 2361 3841; x_wconf 82' lang='lat' dir='ltr'>quaeramuS‚</span> <span class='ocrx_word' id='word_1_208' title='bbox 2408 3780 2582 3847; x_wconf 84' lang='lat' dir='ltr'>quae</span> <span class='ocrx_word' id='word_1_209' title='bbox 2641 3782 3043 3849; x_wconf 90' lang='lat' dir='ltr'>quanquam</span> 
     </span>
     <span class='ocr_line' id='line_1_29' title="bbox 812 3858 3044 3954; baseline 0.005 -30"><span class='ocrx_word' id='word_1_210' title='bbox 812 3880 851 3924; x_wconf 91' lang='lat' dir='ltr'>a</span> <span class='ocrx_word' id='word_1_211' title='bbox 893 3858 1138 3925; x_wconf 86' lang='lat' dir='ltr'>Crasso</span> <span class='ocrx_word' id='word_1_212' title='bbox 1188 3858 1547 3948; x_wconf 91' lang='lat' dir='ltr'>praeteriri</span> <span class='ocrx_word' id='word_1_213' title='bbox 1598 3860 1897 3936; x_wconf 90' lang='lat' dir='ltr'>videtur,</span> <span class='ocrx_word' id='word_1_214' title='bbox 1949 3867 2176 3929; x_wconf 87' lang='lat' dir='ltr'>tamen</span> <span class='ocrx_word' id='word_1_215' title='bbox 2235 3870 2512 3952; x_wconf 90' lang='lat' dir='ltr'>propter</span> <span class='ocrx_word' id='word_1_216' title='bbox 2546 3865 3044 3954; x_wconf 90' lang='lat' dir='ltr'>Epicureorum</span> 
     </span>
     <span class='ocr_line' id='line_1_30' title="bbox 816 3964 3039 4059; baseline 0.006 -29"><span class='ocrx_word' id='word_1_217' title='bbox 816 3964 1346 4054; x_wconf 85' lang='lat' dir='ltr'>Stoicorumque</span> <span class='ocrx_word' id='word_1_218' title='bbox 1387 3968 1980 4055; x_wconf 89' lang='lat' dir='ltr'>comparationem</span> <span class='ocrx_word' id='word_1_219' title='bbox 2021 3968 2090 4034; x_wconf 90' lang='lat' dir='ltr'>in</span> <span class='ocrx_word' id='word_1_220' title='bbox 2146 3969 2640 4059; x_wconf 87' lang='lat' dir='ltr'>disceptatione</span> <span class='ocrx_word' id='word_1_221' title='bbox 2696 3983 3039 4044; x_wconf 90' lang='lat' dir='ltr'>versatur.</span> 
     </span>
     <span class='ocr_line' id='line_1_31' title="bbox 814 4071 3045 4163; baseline 0.006 -27"><span class='ocrx_word' id='word_1_222' title='bbox 814 4071 1016 4151; x_wconf 93' lang='lat' dir='ltr'>Nam,</span> <span class='ocrx_word' id='word_1_223' title='bbox 1056 4079 1129 4138; x_wconf 89' lang='lat' dir='ltr'>ut</span> <span class='ocrx_word' id='word_1_224' title='bbox 1169 4071 1529 4160; x_wconf 87' lang='lat' dir='ltr'>Epicureis</span> <span class='ocrx_word' id='word_1_225' title='bbox 1563 4073 1950 4163; x_wconf 87' lang='lat' dir='ltr'>Stoicisque</span> <span class='ocrx_word' id='word_1_226' title='bbox 1989 4074 2075 4142; x_wconf 88' lang='lat' dir='ltr'>ad</span> <span class='ocrx_word' id='word_1_227' title='bbox 2107 4076 2499 4144; x_wconf 88' lang='lat' dir='ltr'>instruendi</span> <span class='ocrx_word' id='word_1_228' title='bbox 2528 4081 2817 4148; x_wconf 86' lang='lat' dir='ltr'>oratoris</span> <span class='ocrx_word' id='word_1_229' title='bbox 2854 4104 3045 4149; x_wconf 89' lang='lat' dir='ltr'>com-</span> 
     </span>
    </p>
   </div>
   <div class='ocr_carea' id='block_1_7' title="bbox 816 4273 3045 4694">
    <p class='ocr_par' dir='ltr' id='par_1_8' title="bbox 816 4273 3045 4475">
     <span class='ocr_line' id='line_1_32' title="bbox 879 4273 3037 4353; baseline 0.009 -32"><span class='ocrx_word' id='word_1_230' title='bbox 879 4274 942 4336; x_wconf 84' lang='lat'>(1)</span> <span class='ocrx_word' id='word_1_231' title='bbox 977 4273 1052 4322; x_wconf 82' lang='lat' dir='ltr'>Cf.</span> <span class='ocrx_word' id='word_1_232' title='bbox 1107 4275 1184 4323; x_wconf 84' lang='lat' dir='ltr'>De</span> <span class='ocrx_word' id='word_1_233' title='bbox 1242 4276 1332 4325; x_wconf 75' lang='lat' dir='ltr'>Or.</span> <span class='ocrx_word' id='word_1_234' title='bbox 1369 4277 1458 4336; x_wconf 92' lang='grc' dir='ltr'>ΙΙΙ,</span> <span class='ocrx_word' id='word_1_235' title='bbox 1493 4278 1598 4326; x_wconf 86' lang='grc'><strong>110.</strong></span> <span class='ocrx_word' id='word_1_236' title='bbox 1629 4278 1756 4329; x_wconf 92' lang='lat' dir='ltr'>Post</span> <span class='ocrx_word' id='word_1_237' title='bbox 1787 4281 2070 4331; x_wconf 88' lang='lat' dir='ltr'>Philonem</span> <span class='ocrx_word' id='word_1_238' title='bbox 2112 4284 2411 4334; x_wconf 87' lang='lat' dir='ltr'>Antiochus</span> <span class='ocrx_word' id='word_1_239' title='bbox 2436 4286 2757 4338; x_wconf 86' lang='lat' dir='ltr'>Academiae</span> <span class='ocrx_word' id='word_1_240' title='bbox 2782 4291 3037 4353; x_wconf 79' lang='lat' dir='ltr'>praefuit.</span> 
     </span>
     <span class='ocr_line' id='line_1_33' title="bbox 877 4346 3045 4418; baseline 0.01 -27"><span class='ocrx_word' id='word_1_241' title='bbox 877 4346 947 4407; x_wconf 84' lang='lat'>(2)</span> <span class='ocrx_word' id='word_1_242' title='bbox 975 4346 1101 4395; x_wconf 90' lang='lat' dir='ltr'>Post</span> <span class='ocrx_word' id='word_1_243' title='bbox 1151 4347 1527 4397; x_wconf 89' lang='lat' dir='ltr'>intermissum</span> <span class='ocrx_word' id='word_1_244' title='bbox 1549 4349 1664 4409; x_wconf 71' lang='lat' dir='ltr'>,iam</span> <span class='ocrx_word' id='word_1_245' title='bbox 1694 4351 1842 4413; x_wconf 77' lang='lat' dir='ltr'>longi</span> <span class='ocrx_word' id='word_1_246' title='bbox 1888 4354 2143 4417; x_wconf 86' lang='lat' dir='ltr'>temporis</span> <span class='ocrx_word' id='word_1_247' title='bbox 2176 4357 2411 4418; x_wconf 88' lang='lat' dir='ltr'>spatium</span> <span class='ocrx_word' id='word_1_248' title='bbox 2438 4375 2449 4418; x_wconf 85' lang='lat'><em>3</em></span> <span class='ocrx_word' id='word_1_249' title='bbox 2480 4372 2607 4408; x_wconf 86' lang='lat' dir='ltr'>nam</span> <span class='ocrx_word' id='word_1_250' title='bbox 2636 4361 2902 4412; x_wconf 87' lang='lat' dir='ltr'>Arcesilas</span> <span class='ocrx_word' id='word_1_251' title='bbox 2931 4376 3045 4412; x_wconf 90' lang='lat' dir='ltr'>cen-</span> 
     </span>
     <span class='ocr_line' id='line_1_34' title="bbox 816 4416 2083 4475; baseline 0.007 -11"><span class='ocrx_word' id='word_1_252' title='bbox 816 4419 935 4465; x_wconf 88' lang='lat' dir='ltr'>tum</span> <span class='ocrx_word' id='word_1_253' title='bbox 962 4416 1072 4466; x_wconf 80' lang='lat' dir='ltr'>fere</span> <span class='ocrx_word' id='word_1_254' title='bbox 1104 4419 1264 4467; x_wconf 85' lang='lat' dir='ltr'>annis</span> <span class='ocrx_word' id='word_1_255' title='bbox 1291 4422 1414 4468; x_wconf 87' lang='lat' dir='ltr'>ante</span> <span class='ocrx_word' id='word_1_256' title='bbox 1451 4420 1782 4472; x_wconf 88' lang='lat' dir='ltr'>Carneadem</span> <span class='ocrx_word' id='word_1_257' title='bbox 1813 4424 2083 4475; x_wconf 88' lang='lat' dir='ltr'>floruerat.</span> 
     </span>
    </p>

    <p class='ocr_par' dir='ltr' id='par_1_9' title="bbox 879 4487 1509 4550">
     <span class='ocr_line' id='line_1_35' title="bbox 879 4487 1509 4550; baseline 0.006 -14"><span class='ocrx_word' id='word_1_258' title='bbox 879 4487 943 4550; x_wconf 83' lang='lat'>(3)</span> <span class='ocrx_word' id='word_1_259' title='bbox 975 4488 1052 4537; x_wconf 88' lang='lat' dir='ltr'>Cf.</span> <span class='ocrx_word' id='word_1_260' title='bbox 1080 4489 1156 4537; x_wconf 89' lang='lat' dir='ltr'>De</span> <span class='ocrx_word' id='word_1_261' title='bbox 1174 4489 1284 4550; x_wconf 65' lang='lat' dir='ltr'>Or„</span> <span class='ocrx_word' id='word_1_262' title='bbox 1313 4491 1403 4549; x_wconf 93' lang='grc' dir='ltr'>ΙΙΙ,</span> <span class='ocrx_word' id='word_1_263' title='bbox 1433 4492 1509 4541; x_wconf 90' lang='grc'>68.</span> 
     </span>
    </p>

    <p class='ocr_par' dir='ltr' id='par_1_10' title="bbox 877 4557 1212 4619">
     <span class='ocr_line' id='line_1_36' title="bbox 877 4557 1212 4619; baseline 0.012 -14"><span class='ocrx_word' id='word_1_264' title='bbox 877 4557 942 4619; x_wconf 85' lang='grc'>(4)</span> <span class='ocrx_word' id='word_1_265' title='bbox 978 4560 1110 4609; x_wconf 89' lang='lat' dir='ltr'>Ibid.</span> <span class='ocrx_word' id='word_1_266' title='bbox 1136 4562 1212 4609; x_wconf 84' lang='lat'>71.</span> 
     </span>
    </p>

    <p class='ocr_par' dir='ltr' id='par_1_11' title="bbox 889 4631 1646 4694">
     <span class='ocr_line' id='line_1_37' title="bbox 889 4631 1646 4694; baseline 0.008 -16"><span class='ocrx_word' id='word_1_267' title='bbox 889 4631 952 4694; x_wconf 79' lang='grc'>(5)</span> <span class='ocrx_word' id='word_1_268' title='bbox 980 4632 1054 4681; x_wconf 77' lang='lat' dir='ltr'>Cf.</span> <span class='ocrx_word' id='word_1_269' title='bbox 1087 4636 1163 4682; x_wconf 79' lang='lat' dir='ltr'>De</span> <span class='ocrx_word' id='word_1_270' title='bbox 1188 4633 1295 4694; x_wconf 67' lang='grc' dir='ltr'>οη,</span> <span class='ocrx_word' id='word_1_271' title='bbox 1321 4634 1384 4693; x_wconf 94' lang='grc' dir='ltr'>ΙΙ,</span> <span class='ocrx_word' id='word_1_272' title='bbox 1419 4636 1646 4685; x_wconf 82' lang='grc'><strong>155-161.</strong></span> 
     </span>
    </p>
   </div>
   <div class='ocr_carea' id='block_1_8' title="bbox 3651 2376 3739 2602">
    <p class='ocr_par' dir='ltr' id='par_1_12' title="bbox 3651 2376 3739 2602">
     <span class='ocr_line' id='line_1_38' title="bbox 3651 2376 3739 2602; textangle 90"><span class='ocrx_word' id='word_1_273' title='bbox 3651 2437 3739 2602; x_wconf 42' lang='grc' dir='ltr'>ὦ»</span> <span class='ocrx_word' id='word_1_274' title='bbox 3733 2376 3734 2409; x_wconf 34' lang='lat'>2-</span> 
     </span>
    </p>
   </div>
  </div>
 </body>
</html>
