3742 5167
1827 562 2165 629 „62-

891 729 1197 818 rogantia
1215 727 1346 797 hoc
1375 734 1650 821 tantu-m
1672 731 2097 798 retineamus
2127 730 2311 821 quod
2346 731 2647 799 maxime
2688 730 2768 798 ad
2805 738 3121 799 nostram

891 836 1332 926 scriptionem
1368 836 1694 925 pertinet,
1725 877 1806 887 —
1829 836 2010 923 hanc
2047 844 2231 905 certe
2298 837 2742 928 praecipuam
2781 838 3126 906 doctrinae

892 942 1166 1010 laudem
1199 943 1602 1016 Ciceronem
1649 943 1789 1011 non
1832 945 2185 1013 immerito
2238 944 2368 1011 sibi
2402 944 2867 1013 vindicavisse
2907 946 3130 1013 faten-

891 1053 1054 1119 dum
1086 1058 1227 1135 est3
1272 1047 1498 1141 neque
1536 1048 1791 1141 injuria
1837 1051 2162 1118 effectum
2206 1061 2360 1118 esse·
2395 1050 2693 1133 videtur,
2730 1057 2809 1117 ut
2848 1075 2929 1119 ex
2987 1057 3132 1118 tota

891 1166 1245 1226 aratorum
1273 1158 1451 1225 serie
1478 1157 1550 1224 in
1582 1160 1785 1227 Bruto
1810 1158 2153 1247 explicata
2175 1160 2274 1225 sic
2304 1157 2840 1246 intelligeretur,
2874 1156 3132 1248 quibus
3190 1206 3210 1222 .

891 1272 1048 1333 ante
1089 1266 1493 1333 Ciceronem
1523 1263 1610 1331 ad
1647 1261 2095 1334 obtinendam
2138 1286 2261 1353 per
2312 1264 2625 1353 singulas
2663 1270 2926 1331 aetates
2985 1265 3131 1331 sin-

895 1372 1208 1461 gularem
1239 1370 1512 1439 dicendi
1564 1371 1845 1439 laudem
1884 1393 2111 1463 neque
2152 1371 2519 1461 ingenium
2556 1392 2782 1461 neque
2822 1393 2995 1438 usus
3029 1394 3133 1438 as-

891 1481 1131 1548 siduus
1206 1501 1435 1569 neque
1511 1478 1993 1567 amplissimae
2045 1499 2294 1548 causae
2363 1475 2776 1558 defuissent,
2850 1476 3129 1544 eosdem

895 1585 1295 1677 graviorum
1330 1585 1587 1651 artium
1621 1584 1718 1675 (1)
1752 1582 2065 1650 subsidio
2106 1606 2248 1652 non
2275 1584 2441 1651 satis
2470 1583 2847 1651 instructos
2885 1584 3127 1664 fuisse,

895 1699 1036 1773 aut,
1072 1694 1129 1761 si
1169 1692 1291 1782 qui
1320 1689 1767 1780 philosophia
1808 1689 2061 1758 eruditi
2109 1690 2197 1757 ad
2263 1712 2507 1759 causas
2538 1688 2864 1758 dicendas
2904 1711 3131 1756 acces-

871 1801 1172 1881 sissent,
1200 1799 1328 1866 hos
1360 1800 1459 1866 eis
1479 1796 1943 1888 philosophiis
1971 1798 2065 1888 (2)
2091 1821 2255 1865 usos
2282 1820 2455 1881 esse,
2480 1796 2736 1887 quibus
2758 1797 3133 1863 oratoriam
3189 1784 3199 1789 ’

899 1910 1296 1977 facultatem
1355 1908 1586 1974 minus
1653 1906 1742 1973 ali
1795 1927 2021 1996 posse,
2051 1910 2132 1972 ut
2197 1905 2434 1973 Cicero
2487 1903 2824 1993 judicavit
2870 1903 2991 1994 (3),
3035 1904 3132 1970 ita

899 2018 1032 2107 ipsi
1065 2038 1191 2084 suo
1223 2014 1498 2083 dicendi
1532 2021 1785 2102 genere
1825 2019 1983 2080 ante
2023 2012 2718 2079 demonstravissent.

987 2123 1221 2213 Neque
1271 2122 1487 2212 igitur
1527 2121 1675 2187 sine
1723 2142 1934 2187 causa
1990 2120 2078 2185 M.
2143 2119 2441 2203 Tullius,
2490 2139 2649 2184 cum
2705 2118 2778 2184 in
2820 2121 3132 2185 extrema

899 2228 1091 2297 Bruti
1116 2235 1310 2318 parte
1342 2266 1424 2278 ——
1455 2225 1744 2310 laboris,
1785 2232 1862 2292 ut
1904 2226 2053 2313 ipse
2084 2227 2203 2311 ait,
2252 2249 2391 2293 non
2425 2223 2694 2310 ingenii
2724 2223 2834 2290 sui
2860 2221 3134 2313 praedi-

899 2340 1085 2402 cator
1150 2334 1504 2425 (4)'—sua
1563 2333 1747 2423 apud
1815 2331 2273 2422 philosophos
2327 2331 2555 2399 studia
2599 2329 2951 2413 describit,
2987 2337 3138 2400 tum

899 2441 1400 2529 Epicureorum
1425 2440 1813 2520 doctorum,
1847 2462 2022 2528 quos
2050 2440 2357 2528 primum
2379 2441 2696 2509 audierat
2716 2442 2839 2532 (ὅ),
2871 2442 3137 2508 nullam

895 2548 1180 2615 omnino
1221 2548 1649 2615 mentionem
1681 2547 1866 2620 facit,
1898 2546 2208 2613 Stoicum
2250 2570 2415 2615 sane
2446 2531 2820 2617 Diodotum
2855 2556 3163 2639 propter,

899 2654 1298 2721 dialecticae
1340 2694 1422 2703 —
1477 2654 1548 2720 in
1581 2675 1718 2741 qua
1776 2651 1860 2719 ab
1913 2674 1991 2719 eo
2035 2653 2381 2721 exercitus
2450 2664 2600 2723 erat
2642 2696 2716 2719 --.-
2755 2656 3132 2723 utilitatem

895 2766 1392 2829 cummemorat
1423 2759 1539 2849 (6),
1584 2757 2001 2826 Academiae
2041 2781 2207 2825 vero
2265 2761 2613 2853 principes
2654 2762 3026 2830 Philonem
3064 2768 3132 2829 et

903 2876 1136 2961 pastea
1172 2867 1603 2937 Antiochum
1661 2869 1754 2935 ita
1786 2891 1953 2959 prae
2016 2892 2087 2937 se
2144 2870 2299 2952 fert,
2338 2878 2415 2938 ut
2454 2893 2696 2939 eorum
2747 2879 3135 2959 utrumque

899 2978 1197 3045 maxime
1236 2984 1570 3065 tanquam
1619 2982 1935 3043 auctores
1992 2976 2261 3044 colendi
2316 2988 2384 3046 et
2421 2976 2671 3046 deinde
2742 2976 3129 3045 renovandi

903 3082 1380 3173 philosophiae
1422 3081 1635 3149 studii
1663 3082 1993 3150 habuisse
2022 3082 2338 3151 videatur
2370 3084 2492 3175 (7).
2522 3085 2763 3173 Neque
2796 3084 2990 3151 enim
3025 3106 3135 3150 so-

899 3193 1048 3258 lum
1081 3213 1203 3280 per
1243 3191 1644 3258 universam
1694 3188 2186 3279 philosophiae
2215 3192 2894 3259 commendationem
2937 3212 3135 3257 suam

903 3298 1123 3389 ipsius
1163 3297 1590 3387 singularem
1631 3295 1903 3363 dicendi
1944 3295 2221 3363 laudem
2291 3297 2706 3387 simpliciter
2760 3296 3139 3385 significari
3203 3344 3207 3348 >

903 3402 1216 3488 valebatg
1250 3403 1394 3484 sed,
1427 3403 1548 3493 qui
1600 3430 1632 3465 «
1685 3426 1821 3470 non
1864 3403 2326 3471 illustravisse
2370 3404 2601 3484 mod0,
2648 3426 2895 3472 verum
2932 3404 3139 3471 etiam

903 3510 1205 3601 genuisse
1237 3540 1267 3572 »
1314 3510 1386 3576 in
1425 3510 1575 3576 foro
1631 3532 1921 3577 romano
1966 3537 1997 3571 «
2041 3508 2311 3577 dicendi
2339 3510 2612 3599 copiam
2668 3511 2765 3599 (8)
2812 3540 2844 3574 »
2896 3517 2962 3578 et
3009 3508 3141 3576 sibi

904 3614 1265 3685 videbatur
1325 3622 1388 3683 et
1429 3615 1584 3683 aliis
1620 3615 1844 3684 videri
1906 3616 2251 3706 cupiebat,
2292 3616 2623 3706 ‚ejusdem
2667 3629 2814 3685 erat
2874 3616 3141 3684 Acade-

903 3724 1116 3791 miam
1162 3724 1608 3811 potissimum
1673 3724 1792 3806 ita,
1826 3730 1905 3790 ut
1970 3746 2132 3791 eum
2171 3723 2539 3791 facientem
2574 3723 2911 3805 vidimuS,
2947 3745 3143 3790 com-

971 3991 1034 4054 ·sst)
1067 3990 1136 4041 Ut
1166 3989 1361 4039 dicitur
1393 3990 1451 4038 in
1473 3989 1658 4047 Brute,
1686 3989 1794 4037 331.

971 4064 1032 4124 [2)
1067 4061 1249 4111 Stoica
1269 4060 1519 4110 videlicet
1540 4061 1634 4109 aut
1658 4060 1925 4123 epicurea.

971 4136 1034 4196 l3)
1067 4134 1142 4181 De
1168 4153 1191 4176 «
1220 4132 1407 4181 stoicis
1437 4130 1744 4181 oratoribus
1778 4150 1820 4190 »‚
1874 4130 2048 4188 Brut„
2082 4130 2171 4189 1153
2206 4142 2324 4192 sqq.
2382 4126 2477 4191 (Cf.
2532 4141 2712 4192 supra,
2743 4142 2797 4191 p.
2850 4128 2955 4189 49),
2984 4155 3045 4162 —
3076 4125 3144 4175 de

911 4206 1170 4269 Epicureo
1194 4203 1438 4262 Albuci0,
1475 4205 1582 4252 131.
1611 4230 1669 4238 -
1697 4202 1852 4252 Cotta
1879 4203 2079 4259 autem,
2109 4200 2201 4264 qui
2229 4197 2549 4249 Academiae
2582 4213 2638 4249 se
2664 4198 2901 4257 dederat,
2935 4200 3140 4247 natura

909 4290 1020 4325 nnn
1050 4276 1183 4325 satis
1211 4274 1600 4338 adJ‘uvabatur:
1637 4273 1704 4324 cf.
1733 4274 1911 4333 Brut.·,
1943 4274 2052 4321 202.

975 4348 1037 4410 124)
1069 4346 1144 4397 Cf.
1173 4348 1348 4405 Brut„
1380 4348 1489 4405 233,
1523 4347 1630 4395 318.

975 4421 1039 4481 [5)
1060 4417 1364 4469 Phaedrum
1393 4420 1449 4468 et
1471 4418 1744 4467 Zenonem
1771 4417 1873 4466 hos
1903 4415 2072 4465 fuisse
2101 4416 2294 4464 notum
2324 4416 2424 4464 est.

975 4490 1038 4553 t6>
1072 4490 1244 4551 Brut„
1277 4490 1384 4538 309.

975 4563 1042 4622 Π)
1064 4560 1138 4611 Cf.
1173 4562 1344 4620 Brut„
1382 4561 1490 4619 306,
1525 4560 1633 4609 315.

971 4633 1036 4694 48)
1069 4631 1143 4681 Cf.
1176 4632 1348 4691 Brut„
1393 4633 1627 4692 253-255,
1673 4629 1765 4680 ubi
1815 4629 2120 4680 referuntur
2169 4628 2333 4678 verba
2380 4626 2627 4677 Caesaris
2658 4626 2974 4677 Ciceronem
3017 4624 3141 4675 lau-

911 4704 1087 4753 dantis
1117 4705 1381 4768 tanquam
1408 4725 1430 4748 «
1454 4702 1756 4766 principem
1787 4700 1977 4765 copiae
1994 4702 2155 4763 atque
2185 4699 2529 4748 inventorem
2556 4717 2600 4745 υ.
