3742 5167
764 575 939 641 ,55-

295 747 434 818 doctore
450 744 601 813 Athenis
622 771 638 805 «
664 750 893 813 renovaverat
916 771 931 806 »
946 742 1009 833 (1).
1039 743 1105 810 Sed
1134 744 1289 833 quidem,
1321 744 1412 834 quod

296 855 371 945 ipse
392 851 484 920 haud
510 851 655 918 obscure
676 851 854 940 professus
866 855 930 933 est,
945 873 993 931 se,
1008 872 1088 918 cum
1104 856 1245 940 propter
1264 852 1412 919 aliarum

295 982 481 1030 causarum
500 959 791 1050 opportunitates
813 964 888 1024 tum
904 957 958 1025 vel
987 959 1138 1024 maxime
1169 971 1310 1048 propter
1325 957 1414 1025 hanc

296 1065 539 1158 philosophiae
559 1065 794 1133 accessionem
810 1086 890 1132 eum
911 1086 987 1131 esse
1011 1064 1175 1153 potuisse,
1198 1064 1297 1153 cujus
1317 1066 1414 1155 inge-

296 1174 353 1241 nio
370 1194 514 1239 romana
529 1171 729 1261 eloquentia
749 1169 791 1238 ad
812 1192 991 1238 summum
1008 1172 1107 1260 quasi
1133 1172 1313 1261 fastigium
1339 1195 1415 1262 per·

297 1282 440 1359 veniret,
458 1280 619 1370 idipsum
630 1301 693 1346 nos
705 1276 880 1360 admonet,
894 1286 933 1345 ut
946 1299 1040 1344 nunc
1056 1267 1319 1368 persequamur,
1332 1278 1415 1369 quid

298 1388 520 1478 potissimum
549 1408 611 1476 per
638 1386 730 1474 ipsas
757 1384 832 1475 ejus
865 1385 1038 1453 orationes
1064 1386 1191 1453 rationi
1216 1385 1258 1453 ab
1278 1387 1354 1476 ipso
1369 1388 1417 1454 ita

298 1496 473 1585 expositae
487 1492 696 1582 respondere
711 1490 882 1559 videatur.

342 1601 386 1669 Et
398 1602 552 1690 primum
571 1601 630 1667 vix
644 1621 784 1668 necesse
798 1606 850 1667 est
860 1620 1132 1667 commemorare
1149 1653 1156 1680 ,
1179 1600 1292 1685 ineis,
1328 1622 1417 1689 quae

297 1708 499 1797 inquisituri
510 1728 730 1791 sumus,eam
747 1704 989 1795 philosophiae
1013 1712 1146 1795 partem
1163 1708 1311 1775 maxime
1322 1730 1417 1797 spec·

297 1816 376 1895 tari,
398 1836 504 1904 quam
517 1837 538 1881 a
552 1812 690 1880 duabus
702 1812 778 1881 aliis
794 1813 829 1879 in
850 1812 962 1901 primo
983 1811 1023 1878 de
1040 1814 1180 1879 Oratore
1192 1814 1280 1880 libro
1299 1814 1348 1880 ita
1364 1838 1417 1882 se-

300 1927 456 2012 paratam
478 1919 813 2008 vidimuS,tanquam
830 1918 885 1986 vol
901 1920 1085 2008 praecipue
1102 1918 1155 1985 vel
1171 1920 1273 1986 unice
1287 1922 1416 1987 oratori

302 2058 317 2091 «
346 2025 607 2119 perdiscendam
631 2054 646 2087 »
666 2026 726 2115 (2).
745 2026 834 2093 Nam
854 2025 1055 2092 dialecticae
1078 2025 1336 2114 cognoscendae
1352 2028 1418 2093 uti-

300 2136 391 2216 litas,
407 2155 547 2224 quama
569 2131 732 2200 Cicerone
745 2139 864 2222 postea
883 2131 1081 2222 adjunctam
1101 2154 1176 2199 esse
1203 2132 1354 2199 diximus
1371 2132 1419 2222 (3)

301 2246 423 2330 (neque
452 2263 534 2308 vero
567 2261 637 2306 non
666 2238 922 2306 studiosissime
961 2239 998 2305 in
1037 2238 1100 2306 hac
1137 2238 1330 2307 disserendi
1346 2245 1419 2307 arte

302 2348 473 2415 exercitus
491 2348 565 2436 ipse
578 2345 748 2413 adcausas
765 2345 926 2413 dicendas
943 2345 1147 2436 accesserat)
1175 2346 1236 2436 (l),
1268 2369 1308 2414 ea
1340 2369 1419 2435 pro-

300 2457 389 2523 fecto
404 2460 489 2535 erat,
507 2474 628 2543 quaea
648 2452 848 2543 disputandi
865 2454 1036 2541 angustiis
1049 2451 1091 2520 ad
1105 2452 1312 2520 «dilatatam
1332 2455 1380 2541 (a)
1403 2482 1418 2515 »

301 2562 497 2628 orationem
523 2560 571 2625 ita
595 2558 774 2626 dumtaxat
800 2559 1059 2640 transferretur,
1099 2566 1138 2627 ut
1167 2583 1225 2646 per
1253 2560 1421 2627 orationis

302 2665 455 2733 membra
468 2666 567 2754 quasi
579 2664 712 2732 suffusa
723 2664 980 2748 involveretur,
998 2673 1102 2754 atque
1119 2666 1283 2733 similiter
1294 2667 1364 2735 tere
1380 2666 1421 2735 de

303 2772 527 2863 physicorum
543 2771 739 2859 cognitione
746 2770 975 2859 judicandum
989 2781 1052 2855 est,
1077 2774 1106 2839 si
1130 2773 1271 2862 quidem
1305 2781 1422 2841 noster

301 2866 421 2948 auctor
434 2885 526 2946 recte
540 2876 808 2964 admonebat‚ah
824 2901 864 2946 ea
879 2884 1054 2946 oratorem
1069 2878 1104 2945 id
1129 2882 1282 2947 maxime
1300 2903 1422 2970 sump-

304 2996 422 3054 turum
444 3008 532 3068 esse,
549 2990 588 3051 ut
611 3012 626 3046 s
649 2984 819 3052 excelsius
835 2986 1187 3075 magnificentiusque
1200 2993 1233 3052 et
1249 2986 1379 3054 diceret
1389 2992 1423 3053 et

303 3084 445 3161 sentiret
458 3092 503 3183 (6)
521 3119 548 3157 ».
571 3090 624 3157 Ad
644 3092 785 3158 tertiam
797 3113 878 3158 vero
894 3092 1138 3181 philosophiae
1164 3098 1309 3180 partem,
1333 3114 1422 3181 quae

305 3201 346 3269 ad
375 3201 575 3269 universam
615 3198 701 3265 bene
716 3198 858 3266 vivendi
872 3199 1043 3266 rationem
1062 3201 1248 3287 spectabat,
1271 3201 1421 3267 maxime
1450 3189 1452 3191 ’

305 3308 479 3398 pertinere
492 3328 550 3374 eos
566 3305 652 3373 locos
667 3306 890 3395 perspicuum
917 3312 980 3389 est,
1003 3328 1153 3395 quorum
1181 3308 1422 3374 tractationem

305 3438 325 3482 a
344 3413 561 3509 philosophis
576 3414 705 3480 oratori
727 3412 952 3503 repetendam
979 3437 1053 3482 esse
1074 3413 1118 3482 M.
1136 3413 1271 3480 Tullius
1294 3413 1423 3481 intelli-

306 3528 426 3611 geret:
449 3522 509 3611 qui
547 3541 651 3609 quam
685 3542 786 3608 saepe
813 3519 1013 3587 indicendo
1043 3520 1248 3605 inciderent,
1276 3519 1349 3609 ipse
1365 3541 1423 3587 eos

306 3627 543 3696 enumerando
555 3625 780 3716 indicavit(7)
802 3650 810 3710 ς
831 3649 937 3716 quam
964 3634 1081 3695 autem
1106 3629 1173 3695 late
1209 3627 1291 3695 haec
1312 3626 1424 3716 philo·

200 3823 201 3827 Ἰ
307 3733 450 3824 sophiae
465 3756 543 3826 pars
565 3740 709 3824 pateret,
731 3740 969 3824 quantamque
982 3757 1100 3803 rerum
1111 3736 1316 3803 varietatem
1336 3735 1424 3800 inse

306 3841 606 3932 complecteretur,
622 3841 738 3930 ipsum
759 3840 863 3907 etiam
880 3841 1080 3910 Ciceronem
1110 3847 1230 3909 testem
1260 3840 1425 3908 adhihere

308 3969 507 4039 possumus
534 3948 595 4037 qui
621 3953 654 4015 et
686 3950 722 4013 in
747 3948 796 4014 eis
818 3947 930 4029 libris,
954 3970 1040 4038 quos
1056 3948 1096 4014 de
1124 3946 1256 4038 Officiis
1271 3948 1422 4037 scripsit,

340 4146 372 4209 (1)
384 4146 461 4195 Anno
473 4146 518 4195 cn
535 4144 581 4207 (cf.
596 4143 683 4202 Brut,
696 4144 749 4207 315)
780 4145 892 4194 Athenis
909 4147 1020 4209 quidem
1038 4149 1103 4196 tunc
1118 4150 1145 4197 et
1157 4148 1269 4197 honoris
1284 4150 1312 4198 et
1334 4149 1427 4199 amici·

308 4219 362 4268 tiae
381 4230 463 4267 causa
487 4214 639 4265 Phaedrum
662 4216 834 4278 Epicureum,
860 4231 942 4279 quem
966 4221 1027 4269 ante
1051 4220 1153 4268 Romae
1181 4219 1312 4278 audierat,
1330 4234 1425 4269 rursus

308 4290 381 4341 adiit.

339 4357 375 4425 12)
384 4364 421 4411 De
440 4361 495 4421 Or,
512 4360 531 4417 1,
545 4360 586 4410 69.
600 4384 631 4393 -
643 4357 680 4407 Gt.
698 4372 786 4423 supra,
802 4362 926 4409 nostram
939 4368 1007 4424 part.
1020 4362 1040 4420 l,
1054 4376 1080 4425 p.
1092 4363 1178 4411 19-20.

340 4434 372 4496 (3)
389 4434 427 4484 Cf.
442 4446 524 4496 supra
539 4430 662 4479 nostram
677 4434 746 4494 part.
763 4433 782 4491 l,
797 4446 823 4495 p.
839 4433 877 4481 at.

341 4505 375 4567 (1)
388 4504 426 4554 Cf.
443 4505 563 4558 Brutum,
580 4500 633 4547 309.
647 4500 694 4562 (Cf.
712 4516 801 4566 supra,
816 4516 840 4565 p.
853 4505 892 4561 62,
905 4518 931 4553 n.
947 4505 980 4567 6.)

323 4620 326 4625 .
341 4575 373 4639 (5)
387 4576 422 4627 111
437 4575 535 4625 dicitur
549 4571 680 4633 inBruto,
697 4576 741 4623 309
753 4592 759 4633 ;
771 4575 808 4625 Cf.
827 4576 863 4623 De
876 4574 974 4634 ricta,
991 4577 1023 4634 11,
1039 4578 1076 4626 tr.

342 4649 377 4710 (6)
391 4646 498 4706 Orator,
511 4646 555 4693 119
571 4640 618 4705 (Gt.
633 4656 713 4707 supra
726 4649 848 4695 nostram
863 4649 931 4710 part.
948 4648 968 4704 1,
982 4660 1008 4709 p.
1023 4649 1063 4696 tl.
1227 4669 1229 4674 ·

342 4719 374 4781 (1)
392 4720 428 4769 De
439 4718 522 4779 Orat,
534 4717 555 4778 1,
571 4717 610 4773 56,
623 4716 719 4779 or‚85;
736 4718 768 4776 11,
785 4720 813 4766 ol
826 4732 832 4779 ;
844 4718 889 4768 Or.
907 4719 945 4776 16,
961 4720 1003 4769 118
1019 4720 1068 4783 (Cl.
1081 4733 1172 4783 supra,
1187 4734 1215 4783 p.
1231 4720 1270 4783 11)

1325 4823 1341 4875 s
