3742 5167
1260 1357 1643 1454 INDEX
1719 1361 2159 1458 RERUM

597 1620 915 1694 Quantum
945 1618 1399 1703 philosophiae
1422 1620 1634 1687 studio
1661 1621 1744 1687 ad
1775 1623 2145 1707 augendam
2168 1624 2427 1692 dicendi
2453 1625 2829 1694 facultatem

1412 1743 1638 1813 Cicero
1686 1745 2007 1815 tribuerit.

1542 1987 1860 2000 *—

594 2329 920 2387 Pnomumu
926 2370 2606 2390 ...................
2647 2348 2703 2404 p.
2787 2337 2815 2392 1

1552 2565 1788 2621 PARS
1839 2566 1874 2621 1

597 2719 787 2777 Quid
828 2720 916 2776 de
955 2718 1412 2790 philosophia
1486 2718 1581 2775 ad
1629 2719 2032 2775 oratorium
2073 2734 2289 2776 usum
2316 2722 2811 2789 cognoscenda

1101 2800 1193 2856 M.
1234 2799 1514 2856 'rullius
1573 2799 1892 2856 sensisse
1930 2800 2301 2857 videatur.

1573 3008 1803 3067 CAPUT
1841 3008 1866 3063 1

593 3159 742 3227 Quas
797 3160 1042 3217 rationes
1087 3156 1355 3214 latissime
1407 3158 1664 3225 patentes
1695 3152 1764 3209 de
1793 3153 1901 3209 hac
1932 3150 2320 3222 philosophiae
2367 3164 2606 3221 cognos-

665 3239 877 3297 cendae
917 3240 1158 3296 utilitate
1191 3239 1257 3292 Μ.
1289 3235 1508 3291 Tullius
1538 3234 1596 3289 in
1621 3234 1740 3289 suis
1782 3252 1810 3281 «
1850 3230 2109 3288 oratoriis
2130 3230 2289 3286 libris
2331 3251 2359 3279 »
2404 3236 2605 3300 protu-

667 3322 798 3377 terit
810 3350 2617 3377 ....................
2663 3325 2716 3380 p.
2795 3313 2821 3365 7

1539 3516 1773 3574 CAPUT
1810 3516 1884 3571 Il.

595 3673 880 3742 Quomodo
935 3670 1005 3728 ad
1062 3685 1224 3727 suam
1270 3668 1610 3727 sententiam
1665 3664 1915 3722 rationes
1969 3676 2000 3718 a
2077 3661 2299 3718 Platone
2337 3660 2604 3732 repeti-tas

665 3752 1180 3811 accommodaverit
1271 3782 2606 3808 ...............
2650 3755 2705 3811 p.
2746 3741 2815 3798 23

1516 3954 1748 4011 CAPUT
1780 3954 1905 4009 ΠΙ.

594 4107 715 4175 Qua
744 4107 973 4177 propria
989 4105 1208 4162 ratione
1236 4104 1621 4175 quaestionem
1650 4105 1720 4161 de
1744 4104 2020 4161 universa
2042 4105 2402 4176 philosophia
2433 4106 2601 4163 insti-

664 4192 844 4244 tutam
867 4186 937 4243 ad
962 4190 1252 4244 certarum
1275 4186 1475 4243 aetatis
1512 4200 1650 4242 suae
1691 4185 2184 4256 philosophiarum
2233 4188 2593 4245 selectionem

664 4266 994 4325 traduxerit
999 4306 2611 4326 ..................
2655 4282 2711 4340 p.
2756 4270 2825 4325 37

1517 4462 1749 4521 CAPUT
1808 4462 1905 4522 IV.

589 4622 817 4678 Summa
838 4620 1071 4696 rationis
1099 4620 1374 4676 hactenus
1398 4617 1715 4690 explicatae
1740 4615 2018 4687 repetitur
2042 4620 2209 4687 atque
2225 4613 2605 4671 concluditur.
2647 4627 2702 4683 p.
2743 4612 2814 4670 55
