3742 5167
777 540 955 604 ...27-

310 712 378 779 ciat
392 710 453 803 (l),
476 750 518 761 -
538 708 631 777 idem
646 709 681 775 in
693 707 846 775 Phaedro
860 706 902 775 de
922 730 962 775 ea
973 706 1147 775 rhetorica
1165 705 1316 789 disserit,
1337 728 1426 795 quae
1513 724 1517 733 ·

310 818 352 887 ad
374 820 482 887 vitam
497 817 682 883 hominum
702 821 736 883 ct
751 815 793 883 ad
813 838 916 883 usum
938 814 1081 905 propius
1103 813 1253 898 accedat,
1271 836 1311 881 ea
1333 815 1427 881 scili-

310 940 375 1011 cet,
391 948 479 1014 quae
500 925 670 991 latissimo
687 945 790 990 sensu
812 927 943 1011 spectet
962 921 1005 989 ad
1020 922 1201 987 hominum
1222 927 1354 988 mentes
1366 943 1427 1010 per

310 1054 489 1101 sermones
509 1031 623 1097 omnis
639 1030 776 1118 generis
792 1027 993 1095 alliciendas
1015 1027 1086 1117 (2);
1106 1050 1218 1118 neque
1230 1027 1292 1094 tali
1305 1027 1426 1095 defini·

309 1141 403 1207 tione
420 1138 571 1205 excludit
595 1158 676 1204 eum
705 1142 878 1203 oratorem
898 1136 959 1225 qui
978 1134 1159 1203 audientes
1186 1156 1206 1200 a
1234 1155 1316 1202 vero
1348 1133 1427 1201 sub·

311 1246 437 1315 ducere
458 1246 570 1335 magis
597 1265 702 1334 quam
730 1242 772 1309 ad
793 1264 916 1311 verum
936 1240 1107 1309 adducere
1127 1239 1279 1324 studeat;
1303 1238 1363 1307 sed
1382 1262 1427 1308 ne

312 1354 344 1421 ei
359 1351 501 1444 quidam
522 1350 664 1435 oratori,
674 1349 734 1439 qui
750 1348 905 1416 officium
917 1370 1021 1415 suum
1041 1372 1061 1416 a
1071 1347 1210 1438 justitia
1224 1348 1273 1414 ita
1291 1354 1426 1436 separet

311 1468 414 1549 atque
440 1485 455 1518 ιι
473 1458 566 1526 veris
596 1455 775 1524 credibilia
804 1455 977 1546 praeferat
1002 1484 1016 1515 ν
1041 1456 1099 1546 (3),
1128 1455 1312 1523 veritatem
1331 1455 1427 1522 inco-

312 1565 446 1651 gnitam
473 1586 549 1632 esse
582 1562 708 1631 debere
735 1562 950 1630 demonstrat
982 1561 1046 1629 hac
1079 1562 1226 1647 ratione,
1261 1562 1353 1652 quod
1377 1562 1424 1641 id,

313 1670 558 1762 quodcumque
573 1676 689 1738 orator
706 1668 915 1760 persuadere
939 1670 1102 1754 volucrit,
1122 1669 1229 1758 vulgo
1249 1668 1427 1760 probabile

311 1801 380 1846 non
402 1778 502 1845 aliter
527 1798 632 1867 quam
649 1799 710 1866 per
733 1776 891 1844 veritatis
924 1775 1191 1843 similitudinem
1207 1776 1279 1862 fiat,
1303 1776 1428 1843 simili-

312 1884 452 1952 tudines
475 1889 593 1951 autem
623 1883 698 1952 veri
728 1882 770 1949 ab
795 1905 847 1967 eo,
881 1883 942 1972 qui
975 1884 1158 1950 veritatem
1187 1884 1335 1965 noverit,
1371 1884 1427 1952 vel

312 1991 492 2082 aptissime
508 1990 651 2080 reperiri
668 1990 802 2079 possint
822 1990 881 2079 tl).
898 2029 942 2038 —
962 1989 1059 2070 Quod
1085 1991 1114 2056 si
1140 1990 1180 2056 ad
1197 1990 1303 2057 talem
1325 2011 1428 2079 argu·
1480 2026 1483 2029 ·

312 2097 563 2164 mentationem
598 2117 674 2162 eam
713 2096 884 2162 rationem
914 2094 1185 2181 admoverimus,
1213 2118 1318 2185 quam
1347 2118 1426 2163 cum

314 2205 442 2293 Gorgia
458 2203 638 2294 disputans
652 2202 809 2270 Socrates
824 2204 873 2269 sic
886 2199 1029 2293 profert,
1043 2230 1058 2264 «
1074 2225 1168 2283 eum,
1183 2203 1243 2291 qui
1252 2201 1427 2291 justitiam

314 2310 486 2393 didicerit,
502 2318 635 2399 justum
649 2312 723 2379 fore
749 2311 809 2402 (ὅ),
833 2333 946 2400 neque
979 2312 1089 2401 igitur
1116 2332 1273 2399 unquam
1293 2310 1427 2400 aliquid

313 2423 432 2483 contra
444 2416 620 2504 justitiam
640 2416 813 2484 iacturum
828 2440 903 2484 csse
924 2446 953 2502 υ,
975 2415 1018 2483 ad
1033 2418 1146 2507 ipsam
1168 2418 1428 2486 conclusionem

312 2528 536 2613 deducemur,
560 2525 603 2593 ad
631 2546 737 2613 quam
762 2524 920 2591 Socrates
947 2524 982 2590 in
1010 2523 1134 2613 Gorgia
1155 2523 1428 2613 disputationem

313 2657 413 2701 suam
434 2634 565 2723 dirigit,
589 2662 604 2694 (ι
631 2653 749 2699 veram
778 2631 987 2697 rhetoricam
1004 2653 1023 2697 a
1032 2630 1169 2720 justitia
1189 2632 1342 2720 separari
1360 2653 1427 2697 non

314 2762 414 2829 posse
437 2762 476 2821 »ς
498 2740 557 2807 sed
583 2737 725 2828 quidem
752 2738 786 2803 in
819 2759 991 2818 sermone,
1026 2760 1131 2825 quem
1161 2758 1240 2803 cum
1270 2737 1427 2805 Phaedro

314 2844 429 2929 habet,
447 2845 604 2912 Socrates
617 2843 706 2910 hanc
721 2843 881 2910 ultimam
898 2844 1069 2910 rationem
1091 2866 1157 2910 non
1174 2843 1314 2911 adhibet
1334 2868 1339 2906 τ
1359 2867 1427 2934 quo

313 2951 349 3017 in
370 2951 506 3040 dialogo
531 2952 617 3018 illud
635 2951 815 3017 dumtaxat
833 2949 1020 3031 admonere
1035 2950 1122 3033 vult,
1140 2973 1288 3040 quarum
1310 2974 1427 3018 rerum

313 3058 457 3125 scientia
472 3081 528 3125 ars
553 3056 689 3125 dicendi
704 3057 795 3147 citici
809 3057 917 3147 possit
933 3055 994 3145 (6),
1011 3062 1278 3145 utramcumque
1294 3059 1327 3123 in
1350 3080 1428 3147 par-

315 3176 384 3231 tem
405 3168 469 3231 hac
484 3171 558 3232 arte
571 3164 619 3232 ita
634 3170 834 3254 comparata
854 3170 972 3231 orator
995 3185 1122 3230 usurus
1136 3164 1180 3229 sit
1198 3163 1255 3251 (7).
1272 3163 1313 3230 Et
1328 3187 1424 3249 vero,

343 3383 376 3444 (1)
392 3381 431 3432 (ti,
444 3383 532 3445 Gorp,
548 3384 708 3447 praesertim
722 3385 766 3433 515
782 3396 840 3447 sqq.

344 3455 376 3517 (2)
389 3453 427 3503 Gi,
441 3453 565 3513 trauecta,
578 3456 622 3503 261
641 3455 662 3503 Α
679 3468 711 3504 :n
731 3454 797 3527 Ἆρ’
817 3451 863 3507 οὖν
880 3454 910 3507 οὐ
928 3454 960 3507 τὸ
982 3454 1029 3527 μὲν
1045 3452 1110 3509 θ’λον
1132 3456 1150 3523 ἡ
1175 3456 1307 3531 ῥητορικὴ
1334 3456 1363 3510 δν
1383 3455 1425 3527 εἷή

312 3531 393 3608 τέχνη
414 3534 580 3608 ψυχαγωγία
594 3553 634 3593 τις
651 3532 694 3587 διὰ
707 3532 832 3609 λόγων...
850 3530 908 3587 κτλ.
929 3557 941 3587 ν

341 3615 374 3675 (3)
391 3614 496 3663 Utimur
508 3614 596 3663 verbis
614 3614 782 3674 Quintiliani,
798 3614 945 3696 insterni.
961 3616 994 3673 ll,
1006 3630 1064 3697 cap.
1080 3617 1119 3673 15,
1135 3618 1196 3674 §tt

343 3686 376 3747 (4)
392 3684 430 3734 Gt.
442 3684 556 3735 Phaedr.
574 3688 618 3733 260
634 3687 664 3739 Α,
680 3688 724 3735 262
734 3686 789 3734 Α-Β
801 3700 807 3745 ;
820 3700 888 3749 quae
903 3689 942 3736 rta
957 3687 1124 3751 colliguntur
1135 3690 1180 3735 223
1192 3689 1211 3735 D
1224 3703 1230 3735 :
1245 3708 1289 3737 ι...
1303 3686 1395 3744 πάλαι,
1404 3733 1425 3745 ,,

311 3755 479 3829 τυγχάνομεν
496 3753 628 3828 λέγοντες,
650 3756 686 3816 ὡς
706 3754 757 3829 ἄρα
776 3761 857 3810 τοῦτο
873 3757 903 3810 τὸ
923 3757 994 3817 εἰκὸς
1016 3762 1074 3816 τοῖς
1089 3755 1201 3817 πολλοῖς
1217 3755 1243 3811 δι
1256 3760 1427 3831 ’ὁμοιότητα

311 3838 360 3888 τοῦ
376 3832 499 3904 ἀληθοῦς
514 3834 646 3911 τυγχάνει
659 3833 851 3911 ἐγγιγνόμενον
870 3857 875 3869 ·
897 3838 945 3897 τὰς
961 3836 989 3891 δὲ
1013 3838 1179 3909 ὁμοιότητας
1202 3837 1263 3911 ἄρτι
1279 3838 1426 3912 διήλθομεν

312 3912 353 3966 δτι
370 3918 510 3988 πανταχοῦ
523 3914 537 3968 ὁ
553 3916 601 3983 τὴν
616 3912 745 3984 ἀλήθειαν
759 3913 838 3975 εἰδὼς
853 3914 988 3971 κάλλιστα
1002 3915 1144 3971 ἐπίσταται
1167 3918 1339 3991 εὑρίσκειν...
1358 3944 1371 3972 ν

344 3996 377 4055 (5)
394 3993 430 4044 Gi.
445 3994 534 4057 Gorp„
562 3998 606 4043 460
625 3996 677 4045 B-C
695 4013 701 4044 :
725 4017 736 4039 ο
751 3995 765 4049 ὁ
781 3995 813 4048 τὰ
829 3994 920 4049 δίκαιοι
938 3996 1105 4069 μεμαθηκὼς
1121 3994 1257 4059 δίκαιος...
1273 3997 1332 4054 κτλ.
1353 4019 1364 4048 ι)
1380 4003 1427 4051 Ne·

313 4087 364 4136 que
380 4074 432 4123 hoc
446 4072 506 4123 loco
517 4074 597 4123 nobis
612 4078 653 4124 est
674 4075 874 4139 explicandum,
890 4079 1022 4139 quantum
1047 4077 1136 4127 valeat
1151 4093 1284 4144 quamquo
1311 4082 1365 4131 late
1379 4096 1428 4145 pc-

296 4204 298 4207 ,
311 4146 367 4193 tent
381 4144 447 4193 haec
462 4146 530 4195 ratio
543 4145 572 4193 in
581 4146 720 4196 Platonica
732 4146 862 4196 doctrina.

343 4216 375 4279 (6)
405 4217 524 4275 Quarum
557 4231 647 4266 rerum
675 4218 862 4268 acutissimam
896 4220 1129 4269 enumerationem
1156 4224 1275 4286 repetere
1305 4224 1369 4273 licet
1399 4225 1427 4273 in

310 4286 444 4347 Phaedro,
457 4289 503 4336 273
518 4288 576 4337 D-E
593 4302 598 4347 ;
611 4290 691 4352 atque
702 4289 784 4338 etiam
794 4291 838 4338 2ῖῖ
853 4290 916 4338 Β-Ο.

344 4359 376 4419 (Ἰ)
388 4359 513 4408 Extrema
526 4361 633 4409 tantum
649 4363 674 4409 et
687 4360 744 4421 jam
754 4360 872 4423 perlecta
890 4359 1121 4411 demonstratione
1134 4378 1185 4413 sua
1202 4364 1254 4414 hoc
1277 4364 1359 4423 addit,
1374 4379 1428 4427 quo

312 4428 369 4491 ipse
384 4429 494 4492 quidem
507 4432 690 4480 honestiorem
711 4432 792 4493 hujus
808 4432 874 4481 artis
889 4446 970 4480 usum
982 4434 1155 4483 commendat
1169 4452 1174 4483 :
1190 4455 1232 4484 ι...
1245 4436 1277 4503 ἣν
1291 4435 1430 4509 (mappa.

310 4508 392 4579 τειαν)
410 4508 462 4583 οὐχ
473 4505 550 4563 ἕνεκα
563 4514 611 4562 τοῦ
629 4508 715 4583 λέγειν
731 4512 776 4564 καὶ
789 4510 916 4584 πράττειν
930 4512 998 4583 πρὸς
1013 4511 1171 4587 ἀνθρώπους
1187 4512 1227 4567 δεῖ
1243 4511 1427 4568 διαπονεῖσθαι

310 4587 356 4642 τὸν
372 4587 508 4665 σώφρονα,
524 4586 592 4642 ἀλλὰ
608 4594 655 4643 τοῦ
677 4592 747 4651 θεοῖς
764 4588 948 4667 κεχαρισμένα
964 4591 1010 4663 μέν
1038 4591 1125 4668 λέγειν
1145 4591 1283 4664 δύνασθαι,
1299 4613 1429 4669 κεχαρισ-

313 4666 398 4741 μένως
416 4666 444 4723 δὲ
463 4670 589 4743 πράττειν
604 4670 634 4724 τὸ
648 4675 699 4724 πᾶν
718 4671 755 4732 εἰς
769 4669 893 4745 δύναμιν,
912 4690 923 4715 υ
934 4672 1074 4735 (Phaedra,
1088 4677 1132 4725 223
1146 4677 1187 4740 Ε.)
