3742 5167
810 505 981 573 *69-

341 692 417 736 rum
449 677 483 736 et
508 671 664 757 magistri
698 673 773 759 (1)»
796 674 1062 763 ,praeceptiset
1094 672 1341 764 disciplina-
1367 674 1456 741 sicut

338 779 413 867 ipse
427 777 583 846 narravit
595 778 637 863 (2)
654 818 693 829 ·-
707 778 857 847 maxime
876 802 981 847 usum
992 802 1067 848 esse
1083 803 1090 848 :
1109 780 1148 848 ad
1166 779 1454 871 philosophorum

336 890 427 952 certe
444 884 595 966 scholas,
609 884 644 951 in
658 885 785 974 quibus
802 888 933 954 versari
950 893 984 954 et
996 893 1076 956 ante
1080 888 1153 976 jam
1164 893 1326 977 coeperat
1337 894 1451 956 ettum

337 990 391 1058 vel
408 992 557 1058 maxime
573 995 750 1081 pergebat,
769 992 860 1059 idem
883 1016 950 1060 non
982 1000 1114 1062 temere
1143 993 1310 1063 indicavit
1332 1016 1453 1063 earum

312 1132 313 1137 κ
337 1099 540 1187 graviorum
556 1099 809 1166 sententiarum
833 1100 1077 1167 tractationem
1106 1101 1292 1190 pertinere,
1326 1100 1454 1191 quibus

337 1204 372 1270 in
393 1204 454 1271 illa
472 1205 550 1295 ipsa
570 1206 649 1273 Sex.
669 1204 783 1271 Roscii
805 1227 908 1272 causa
920 1204 996 1295 jam
1023 1206 1106 1273 satis
1141 1206 1352 1273 instructum
1379 1205 1453 1273 sese

336 1334 416 1379 curn
448 1312 657 1396 ostenderet,
691 1318 764 1380 tum
790 1312 832 1379 ab
857 1335 978 1380 earum
1010 1319 1173 1381 contextu
1202 1313 1244 1381 ad
1265 1314 1453 1404 quamdam

337 1412 494 1485 inanium
511 1418 700 1487 verborum
725 1420 906 1487 lasciviam
931 1421 1125 1489 orationem
1151 1443 1252 1488 suam
1272 1420 1452 1489 deflectere

337 1523 482 1592 sinebat.

376 2208 455 2274 Jam
469 2228 565 2286 vero,
587 2204 689 2272 ulad
712 2204 1067 2273 circumscribendam
1087 2207 1264 2296 propriam
1292 2206 1449 2297 disputa-

333 2314 437 2381 tionis
451 2320 590 2380 nostrae
614 2314 714 2403 quasi
741 2313 921 2401 regionem
942 2314 1055 2403 ipsam
1070 2314 1115 2379 M.
1137 2313 1244 2381 Tullii
1263 2315 1449 2381 auctorita-

333 2428 403 2488 tem
429 2419 665 2499 adhibuimu5‚
692 2420 740 2487 ita
760 2418 880 2488 eodem
896 2421 972 2509 ipso
998 2421 1085 2488 duce
1106 2427 1197 2489 recte
1221 2422 1320 2489 usuri
1348 2421 1448 2489 nobis
1539 2449 1543 2455 ’

331 2527 492 2596 videmur
511 2527 552 2594 ad
573 2526 854 2608 describendum,
877 2526 1004 2617 quibus
1019 2528 1240 2617 potissimum
1260 2528 1373 2594 modis
1394 2530 1448 2595 in-

331 2634 464 2715 ciderit,
482 2641 520 2700 ut
542 2655 596 2700 res
612 2639 646 2700 et
664 2635 855 2700 sententiae
870 2635 1005 2701 adeam
1031 2633 1273 2723 philosophiae
1299 2642 1444 2723 partem,

330 2764 436 2832 quam
452 2740 614 2821 diximus,
634 2742 845 2829 pertinentes
859 2742 895 2808 in
910 2743 1026 2809 causis
1043 2743 1149 2809 intexi
1166 2749 1325 2831 possent:
1343 2742 1447 2832 hujus

330 2848 495 2913 nimirum
510 2848 649 2935 generis
673 2849 871 2915 occasiones
887 2872 927 2915 eo
948 2849 1165 2938 frequentius
1184 2855 1302 2916 noster
1332 2855 1447 2916 orator

330 2956 484 3044 arripere
504 2954 634 3036 debuit,
653 2955 743 3044 quod
763 2978 883 3023 earum
897 2956 1101 3023 varietatem
1117 2954 1159 3023 ad
1172 2961 1282 3022 certas
1296 2957 1446 3023 rationes

329 3062 429 3152 quasi
448 3061 623 3128 redactam
639 3062 755 3129 animo
771 3061 1097 3151 comprehendebat.
1120 3062 1163 3129 Et
1178 3062 1319 3150 quidem
1336 3084 1376 3128 ex
1401 3064 1445 3129 iis

329 3167 510 3235 rhetoricis
535 3166 644 3249 libris,
673 3189 760 3256 quos
787 3167 975 3235 admodum
1008 3166 1212 3234 adulescens
1240 3195 1255 3228 «
1287 3189 1328 3233 ex
1353 3190 1445 3235 com-

329 3274 547 3342 mentariolis
563 3275 634 3341 suis
656 3274 703 3364 (3)
726 3305 742 3335 n
769 3282 999 3364 expresserat,
1026 3274 1109 3340 satis
1123 3280 1279 3361 apparet,
1301 3296 1381 3340 eum
1402 3274 1445 3342 ab

329 3381 413 3470 ipsis
427 3381 607 3447 rhetorum
628 3381 767 3459 scholis,
785 3404 873 3471 quos
889 3381 1033 3460 adierat,
1054 3382 1224 3467 accepisse
1246 3401 1286 3446 ea
1306 3378 1443 3469 (quam-

328 3489 380 3553 vis
400 3489 434 3554 in
461 3487 610 3577 singulis
626 3486 730 3554 rebus
744 3488 849 3578 paulo
865 3488 966 3556 aliter
984 3486 1027 3555 ab
1044 3485 1122 3553 aliis
1138 3486 1334 3576 immutata)
1356 3510 1444 3576 quae

327 3593 369 3661 de
392 3594 613 3661 distinctione
639 3595 746 3661 trium
771 3617 952 3684 generum,
979 3594 1254 3676 demonstrativi,
1277 3593 1443 3661 delibera-

328 3699 405 3779 tivi,
416 3700 609 3788 judicialis
632 3701 726 3768 etde
747 3693 1024 3792 uniuscujusque
1039 3730 1054 3763 a
1071 3701 1139 3768 hnc
1167 3725 1198 3780 n,
1220 3740 1262 3749 -
1283 3699 1441 3783 honesto,

328 3807 416 3887 utili,
433 3829 557 3896 aequo,
585 3847 628 3857 -
644 3807 727 3897 (quo
743 3809 876 3898 proprii
891 3808 1171 3897 uniuscujusque
1191 3807 1256 3875 loci
1271 3808 1443 3874 referren-

281 3954 284 3959 ·
328 3914 409 4002 tur),
427 3914 635 3981 Aristoteles
656 3915 789 4002 primus
809 3914 974 3983 docuerat
990 3915 1049 4005 (l).
1073 3914 1209 4005 ltaque,
1234 3914 1317 3980 dum
1332 3914 1368 3980 in
1389 3938 1442 3982 se-

259 4070 262 4077 .
326 4020 439 4087 cundo
456 4020 581 4087 horum
601 4021 642 4085 de
662 4023 855 4096 [ridentiano
875 4022 1046 4089 librorum
1070 4022 1309 4089 Aristoteliam
1331 4021 1372 4088 de
1389 4021 1441 4087 his

326 4126 429 4194 rebus
448 4126 643 4194 doctrinam
674 4128 722 4195 ita
753 4129 933 4196 dumtaxat
961 4137 1152 4196 correctam
1179 4129 1316 4217 repetit,
1342 4135 1379 4194 nt
1405 4129 1442 4194 in

356 4373 388 4435 (1)
403 4375 430 4422 et
445 4374 477 4435 (2)
495 4372 531 4422 Gl.
544 4375 629 4430 Brut,
642 4372 685 4421 307
702 4373 729 4420 et
741 4373 795 4421 316.

343 4444 388 4507 1(3)
403 4445 478 4493 Sicut
492 4443 590 4494 dicitur
606 4444 634 4491 in
649 4443 787 4507 prooemio
802 4440 887 4491 libril
901 4440 940 4489 De
957 4440 1009 4498 Or,
1021 4443 1044 4491 5.

355 4516 387 4577 (4)
404 4514 505 4565 Eadem
521 4515 575 4564 lere
597 4515 747 4578 exponebat
768 4514 838 4562 circa
865 4506 938 4561 idem
952 4514 1059 4577 tempus
1078 4514 1198 4563 incertus
1213 4515 1306 4563 auctor
1320 4513 1442 4563 Rhetori-

322 4600 413 4634 comm
428 4600 497 4648 quae
512 4585 638 4635 dicuntur
660 4605 670 4629 (ι
688 4584 721 4634 ad
748 4583 914 4633 Herennium
934 4602 947 4627 ³>
970 4582 1016 4645 (ef.
1033 4583 1080 4633 lib.
1096 4585 1141 4643 Ill,
1157 4598 1215 4647 cap.
1232 4586 1291 4645 2-83
1310 4613 1339 4621 —
1353 4585 1403 4635 lib.
1421 4586 1440 4646 l,

322 4669 383 4719 cap.
404 4658 437 4719 ἓ).
