<?xml version="1.0" encoding="UTF-8"?>
<!DOCTYPE html PUBLIC "-//W3C//DTD XHTML 1.0 Transitional//EN"
    "http://www.w3.org/TR/xhtml1/DTD/xhtml1-transitional.dtd">
<html xmlns="http://www.w3.org/1999/xhtml" xml:lang="en" lang="en">
 <head>
  <title>
</title>
<meta http-equiv="Content-Type" content="text/html;charset=utf-8" />
  <meta name='ocr-system' content='tesseract 3.04.00' />
  <meta name='ocr-capabilities' content='ocr_page ocr_carea ocr_par ocr_line ocrx_word'/>
</head>
<body>
  <div class='ocr_page' id='page_1' title='image "./quantumphilosop01liebgoog_0024.png"; bbox 0 0 3742 5167; ppageno 0'>
   <div class='ocr_carea' id='block_1_1' title="bbox 885 719 3125 1450">
    <p class='ocr_par' dir='ltr' id='par_1_1' title="bbox 885 719 3125 1343">
     <span class='ocr_line' id='line_1_1' title="bbox 889 719 3125 814; baseline 0.001 -26"><span class='ocrx_word' id='word_1_1' title='bbox 889 725 1130 788; x_wconf 90' lang='lat' dir='ltr'>tuatur</span> <span class='ocrx_word' id='word_1_2' title='bbox 1154 719 1290 785; x_wconf 89' lang='lat' dir='ltr'>nisi</span> <span class='ocrx_word' id='word_1_3' title='bbox 1327 721 1732 809; x_wconf 84' lang='lat' dir='ltr'>composite,</span> <span class='ocrx_word' id='word_1_4' title='bbox 1772 728 2039 803; x_wconf 88' lang='lat' dir='ltr'>ornate,</span> <span class='ocrx_word' id='word_1_5' title='bbox 2083 723 2355 812; x_wconf 85' lang='lat' dir='ltr'>copiose</span> <span class='ocrx_word' id='word_1_6' title='bbox 2407 724 2623 814; x_wconf 90' lang='lat' dir='ltr'>loqui,</span> <span class='ocrx_word' id='word_1_7' title='bbox 2661 746 3125 813; x_wconf 81' lang='lat' dir='ltr'>quaecumque</span> 
     </span>
     <span class='ocr_line' id='line_1_2' title="bbox 885 826 3123 922; baseline 0.002 -29"><span class='ocrx_word' id='word_1_8' title='bbox 885 850 990 894; x_wconf 86' lang='lat' dir='ltr'>res</span> <span class='ocrx_word' id='word_1_9' title='bbox 1029 826 1546 916; x_wconf 79' lang='lat' dir='ltr'>inciderit,quae</span> <span class='ocrx_word' id='word_1_10' title='bbox 1567 827 1656 896; x_wconf 83' lang='lat' dir='ltr'>sit</span> <span class='ocrx_word' id='word_1_11' title='bbox 1693 828 1987 896; x_wconf 79' lang='lat' dir='ltr'>dictione</span> <span class='ocrx_word' id='word_1_12' title='bbox 2017 830 2423 919; x_wconf 75' lang='lat' dir='ltr'>eoeplicanda</span> <span class='ocrx_word' id='word_1_13' title='bbox 2450 830 2580 921; x_wconf 83' lang='lat'>(1);</span> <span class='ocrx_word' id='word_1_14' title='bbox 2613 854 2822 922; x_wconf 91' lang='lat' dir='ltr'>quam</span> <span class='ocrx_word' id='word_1_15' title='bbox 2842 832 3123 920; x_wconf 90' lang='lat' dir='ltr'>quidem</span> 
     </span>
     <span class='ocr_line' id='line_1_3' title="bbox 888 927 3122 1029; baseline 0.003 -31"><span class='ocrx_word' id='word_1_16' title='bbox 888 934 1227 1000; x_wconf 89' lang='lat' dir='ltr'>oratoriae</span> <span class='ocrx_word' id='word_1_17' title='bbox 1260 933 1606 1002; x_wconf 76' lang='lat' dir='ltr'>facultatis</span> <span class='ocrx_word' id='word_1_18' title='bbox 1638 927 2443 1006; x_wconf 39' lang='lat' dir='ltr'>definiendae&#39;rationem</span> <span class='ocrx_word' id='word_1_19' title='bbox 2472 940 2542 1005; x_wconf 89' lang='lat' dir='ltr'>in</span> <span class='ocrx_word' id='word_1_20' title='bbox 2599 939 2953 1029; x_wconf 91' lang='lat' dir='ltr'>prooemio</span> <span class='ocrx_word' id='word_1_21' title='bbox 2975 936 3122 1027; x_wconf 89' lang='lat' dir='ltr'>jam</span> 
     </span>
     <span class='ocr_line' id='line_1_4' title="bbox 889 1041 3120 1131; baseline 0.002 -25"><span class='ocrx_word' id='word_1_22' title='bbox 889 1062 1014 1107; x_wconf 91' lang='lat' dir='ltr'>suo</span> <span class='ocrx_word' id='word_1_23' title='bbox 1064 1041 1349 1107; x_wconf 90' lang='lat' dir='ltr'>nomine</span> <span class='ocrx_word' id='word_1_24' title='bbox 1391 1043 1730 1130; x_wconf 82' lang='lat' dir='ltr'>prolatam</span> <span class='ocrx_word' id='word_1_25' title='bbox 1765 1044 1858 1131; x_wconf 85' lang='lat'>(2)</span> <span class='ocrx_word' id='word_1_26' title='bbox 1893 1044 2130 1112; x_wconf 84' lang='lat' dir='ltr'>Cicero</span> <span class='ocrx_word' id='word_1_27' title='bbox 2163 1068 2346 1112; x_wconf 92' lang='lat' dir='ltr'>nunc</span> <span class='ocrx_word' id='word_1_28' title='bbox 2387 1045 2632 1113; x_wconf 82' lang='lat' dir='ltr'>Crasso</span> <span class='ocrx_word' id='word_1_29' title='bbox 2677 1068 2803 1113; x_wconf 90' lang='lat' dir='ltr'>suo</span> <span class='ocrx_word' id='word_1_30' title='bbox 2851 1044 3120 1130; x_wconf 79' lang='lat' dir='ltr'>tribuit,</span> 
     </span>
     <span class='ocr_line' id='line_1_5' title="bbox 890 1147 3124 1237; baseline 0.001 -23"><span class='ocrx_word' id='word_1_31' title='bbox 890 1148 1223 1237; x_wconf 86' lang='lat' dir='ltr'>quoniam</span> <span class='ocrx_word' id='word_1_32' title='bbox 1270 1148 1342 1214; x_wconf 92' lang='lat' dir='ltr'>in</span> <span class='ocrx_word' id='word_1_33' title='bbox 1379 1147 1508 1216; x_wconf 91' lang='lat' dir='ltr'>hoc</span> <span class='ocrx_word' id='word_1_34' title='bbox 1562 1147 1714 1237; x_wconf 90' lang='lat' dir='ltr'>ipso</span> <span class='ocrx_word' id='word_1_35' title='bbox 1800 1147 2204 1216; x_wconf 88' lang='lat' dir='ltr'>Scaevolam</span> <span class='ocrx_word' id='word_1_36' title='bbox 2264 1151 2328 1216; x_wconf 91' lang='lat' dir='ltr'>ei</span> <span class='ocrx_word' id='word_1_37' title='bbox 2369 1149 2854 1218; x_wconf 81' lang='lat' dir='ltr'>adversantem</span> <span class='ocrx_word' id='word_1_38' title='bbox 2915 1150 3124 1217; x_wconf 90' lang='lat' dir='ltr'>facie-</span> 
     </span>
     <span class='ocr_line' id='line_1_6' title="bbox 893 1253 1997 1343; baseline 0.008 -23"><span class='ocrx_word' id='word_1_39' title='bbox 893 1253 1005 1320; x_wconf 85' lang='lat' dir='ltr'>bat</span> <span class='ocrx_word' id='word_1_40' title='bbox 1035 1253 1150 1343; x_wconf 90' lang='grc'>(3).</span> <span class='ocrx_word' id='word_1_41' title='bbox 1992 1327 1997 1329; x_wconf 71' lang='grc'>,</span> 
     </span>
    </p>

    <p class='ocr_par' dir='ltr' id='par_1_2' title="bbox 978 1361 3125 1450">
     <span class='ocr_line' id='line_1_7' title="bbox 978 1361 3125 1450; baseline 0.002 -23"><span class='ocrx_word' id='word_1_42' title='bbox 978 1362 1120 1428; x_wconf 93' lang='lat' dir='ltr'>Hoc</span> <span class='ocrx_word' id='word_1_43' title='bbox 1178 1361 1394 1448; x_wconf 78' lang='lat' dir='ltr'>igitur</span> <span class='ocrx_word' id='word_1_44' title='bbox 1444 1362 1979 1450; x_wconf 85' lang='lat' dir='ltr'>argumentandi</span> <span class='ocrx_word' id='word_1_45' title='bbox 2073 1364 2273 1431; x_wconf 90' lang='lat' dir='ltr'>modo</span> <span class='ocrx_word' id='word_1_46' title='bbox 2338 1363 2626 1431; x_wconf 83' lang='lat' dir='ltr'>Crassus</span> <span class='ocrx_word' id='word_1_47' title='bbox 2687 1385 2846 1430; x_wconf 91' lang='lat' dir='ltr'>cum</span> <span class='ocrx_word' id='word_1_48' title='bbox 2887 1370 3125 1431; x_wconf 87' lang='lat' dir='ltr'>contra</span> 
     </span>
    </p>
   </div>
   <div class='ocr_carea' id='block_1_2' title="bbox 890 1468 3212 1560">
    <p class='ocr_par' dir='ltr' id='par_1_3' title="bbox 890 1468 3212 1560">
     <span class='ocr_line' id='line_1_8' title="bbox 890 1468 3212 1560; baseline 0 -25"><span class='ocrx_word' id='word_1_49' title='bbox 890 1468 1290 1536; x_wconf 85' lang='lat' dir='ltr'>Scaevolam</span> <span class='ocrx_word' id='word_1_50' title='bbox 1321 1468 1732 1535; x_wconf 87' lang='lat' dir='ltr'>contendit«</span> <span class='ocrx_word' id='word_1_51' title='bbox 1764 1470 1835 1535; x_wconf 92' lang='lat' dir='ltr'>in</span> <span class='ocrx_word' id='word_1_52' title='bbox 1869 1471 2057 1536; x_wconf 83' lang='lat' dir='ltr'>omni</span> <span class='ocrx_word' id='word_1_53' title='bbox 2090 1477 2282 1560; x_wconf 89' lang='lat' dir='ltr'>parte</span> <span class='ocrx_word' id='word_1_54' title='bbox 2304 1470 2758 1537; x_wconf 89' lang='lat' dir='ltr'>humanitatis</span> <span class='ocrx_word' id='word_1_55' title='bbox 2776 1475 3122 1537; x_wconf 88' lang='lat' dir='ltr'>oratorem</span> <span class='ocrx_word' id='word_1_56' title='bbox 3206 1498 3212 1503; x_wconf 93' lang='lat'>·</span> 
     </span>
    </p>
   </div>
   <div class='ocr_carea' id='block_1_3' title="bbox 884 1575 3124 3164">
    <p class='ocr_par' dir='ltr' id='par_1_4' title="bbox 884 1575 3124 3164">
     <span class='ocr_line' id='line_1_9' title="bbox 891 1575 3121 1668; baseline 0 -26"><span class='ocrx_word' id='word_1_57' title='bbox 891 1575 1274 1659; x_wconf 83' lang='lat' dir='ltr'>perfectum</span> <span class='ocrx_word' id='word_1_58' title='bbox 1335 1597 1484 1641; x_wconf 90' lang='lat' dir='ltr'>esse</span> <span class='ocrx_word' id='word_1_59' title='bbox 1588 1575 1838 1643; x_wconf 88' lang='lat' dir='ltr'>debere</span> <span class='ocrx_word' id='word_1_60' title='bbox 1908 1606 1968 1658; x_wconf 87' lang='lat'>»,</span> <span class='ocrx_word' id='word_1_61' title='bbox 2011 1585 2160 1644; x_wconf 91' lang='lat' dir='ltr'>tum</span> <span class='ocrx_word' id='word_1_62' title='bbox 2238 1577 2690 1668; x_wconf 92' lang='lat' dir='ltr'>philosophos</span> <span class='ocrx_word' id='word_1_63' title='bbox 2774 1582 3121 1644; x_wconf 91' lang='lat' dir='ltr'>oratorem</span> 
     </span>
     <span class='ocr_line' id='line_1_10' title="bbox 886 1682 3122 1774; baseline 0 -25"><span class='ocrx_word' id='word_1_64' title='bbox 886 1687 1406 1750; x_wconf 82' lang='lat' dir='ltr'>contemnentes</span> <span class='ocrx_word' id='word_1_65' title='bbox 1428 1683 1522 1748; x_wconf 91' lang='lat' dir='ltr'>ita</span> <span class='ocrx_word' id='word_1_66' title='bbox 1552 1682 1831 1764; x_wconf 76' lang='lat' dir='ltr'>refutat,</span> <span class='ocrx_word' id='word_1_67' title='bbox 1857 1690 1931 1749; x_wconf 86' lang='lat' dir='ltr'>ut</span> <span class='ocrx_word' id='word_1_68' title='bbox 1968 1682 2473 1773; x_wconf 79' lang='lat' dir='ltr'>philosophiam</span> <span class='ocrx_word' id='word_1_69' title='bbox 2505 1686 2653 1774; x_wconf 88' lang='lat' dir='ltr'>ipse</span> <span class='ocrx_word' id='word_1_70' title='bbox 2679 1706 3122 1773; x_wconf 82' lang='lat' dir='ltr'>nequaquam</span> 
     </span>
     <span class='ocr_line' id='line_1_11' title="bbox 889 1787 3121 1881; baseline -0.001 -25"><span class='ocrx_word' id='word_1_71' title='bbox 889 1794 1287 1856; x_wconf 90' lang='lat' dir='ltr'>contemnat</span> <span class='ocrx_word' id='word_1_72' title='bbox 1317 1787 1410 1879; x_wconf 80' lang='lat'>(4)</span> <span class='ocrx_word' id='word_1_73' title='bbox 1459 1843 1471 1866; x_wconf 88' lang='lat'>,</span> <span class='ocrx_word' id='word_1_74' title='bbox 1509 1788 1628 1856; x_wconf 89' lang='lat' dir='ltr'>sed</span> <span class='ocrx_word' id='word_1_75' title='bbox 1677 1812 1829 1856; x_wconf 89' lang='lat' dir='ltr'>eam</span> <span class='ocrx_word' id='word_1_76' title='bbox 1871 1812 2124 1879; x_wconf 85' lang='lat' dir='ltr'>magna</span> <span class='ocrx_word' id='word_1_77' title='bbox 2175 1791 2453 1879; x_wconf 74' lang='lat' dir='ltr'>quidem</span> <span class='ocrx_word' id='word_1_78' title='bbox 2487 1814 2570 1859; x_wconf 84' lang='lat' dir='ltr'>ex</span> <span class='ocrx_word' id='word_1_79' title='bbox 2615 1798 2807 1881; x_wconf 86' lang='lat' dir='ltr'>parte</span> <span class='ocrx_word' id='word_1_80' title='bbox 2866 1791 3121 1858; x_wconf 90' lang='lat' dir='ltr'>oratori</span> 
     </span>
     <span class='ocr_line' id='line_1_12' title="bbox 894 1895 3122 1987; baseline 0.002 -29"><span class='ocrx_word' id='word_1_81' title='bbox 894 1896 995 1964; x_wconf 59' lang='lat' dir='ltr'>sel</span> <span class='ocrx_word' id='word_1_82' title='bbox 1059 1897 1128 1962; x_wconf 89' lang='lat' dir='ltr'>in</span> <span class='ocrx_word' id='word_1_83' title='bbox 1156 1895 1551 1964; x_wconf 87' lang='lat' dir='ltr'>forensibus</span> <span class='ocrx_word' id='word_1_84' title='bbox 1591 1896 2052 1987; x_wconf 86' lang='lat' dir='ltr'>civilibusque</span> <span class='ocrx_word' id='word_1_85' title='bbox 2093 1899 2299 1965; x_wconf 90' lang='lat' dir='ltr'>rebus</span> <span class='ocrx_word' id='word_1_86' title='bbox 2339 1899 2646 1966; x_wconf 88' lang='lat' dir='ltr'>versanti</span> <span class='ocrx_word' id='word_1_87' title='bbox 2703 1920 3122 1987; x_wconf 84' lang='lat' dir='ltr'>cognoscen-</span> 
     </span>
     <span class='ocr_line' id='line_1_13' title="bbox 888 2002 3122 2095; baseline 0 -25"><span class='ocrx_word' id='word_1_88' title='bbox 888 2003 1049 2070; x_wconf 91' lang='lat' dir='ltr'>dam</span> <span class='ocrx_word' id='word_1_89' title='bbox 1092 2026 1239 2070; x_wconf 88' lang='lat' dir='ltr'>esse</span> <span class='ocrx_word' id='word_1_90' title='bbox 1270 2002 1720 2071; x_wconf 85' lang='lat' dir='ltr'>demonstret.</span> <span class='ocrx_word' id='word_1_91' title='bbox 1767 2005 1850 2071; x_wconf 89' lang='lat' dir='ltr'>Et</span> <span class='ocrx_word' id='word_1_92' title='bbox 1888 2005 2167 2094; x_wconf 90' lang='lat' dir='ltr'>quidem</span> <span class='ocrx_word' id='word_1_93' title='bbox 2221 2007 2351 2072; x_wconf 91' lang='lat' dir='ltr'>hoc</span> <span class='ocrx_word' id='word_1_94' title='bbox 2399 2004 2799 2095; x_wconf 80' lang='lat' dir='ltr'>disputandi</span> <span class='ocrx_word' id='word_1_95' title='bbox 2834 2033 2864 2065; x_wconf 91' lang='lat'>«</span> <span class='ocrx_word' id='word_1_96' title='bbox 2902 2004 3122 2071; x_wconf 87' lang='lat' dir='ltr'>artifi-</span> 
     </span>
     <span class='ocr_line' id='line_1_14' title="bbox 887 2109 3120 2202; baseline 0 -25"><span class='ocrx_word' id='word_1_97' title='bbox 887 2112 993 2177; x_wconf 91' lang='lat' dir='ltr'>cio</span> <span class='ocrx_word' id='word_1_98' title='bbox 1023 2110 1117 2200; x_wconf 79' lang='lat'>(5)</span> <span class='ocrx_word' id='word_1_99' title='bbox 1165 2137 1193 2170; x_wconf 91' lang='lat'>»</span> <span class='ocrx_word' id='word_1_100' title='bbox 1227 2109 1556 2177; x_wconf 84' lang='lat' dir='ltr'>Scaevola</span> <span class='ocrx_word' id='word_1_101' title='bbox 1583 2112 1844 2177; x_wconf 90' lang='lat' dir='ltr'>victum</span> <span class='ocrx_word' id='word_1_102' title='bbox 1867 2134 1938 2178; x_wconf 89' lang='lat' dir='ltr'>se</span> <span class='ocrx_word' id='word_1_103' title='bbox 1952 2111 2233 2193; x_wconf 90' lang='lat' dir='ltr'>fatetur,</span> <span class='ocrx_word' id='word_1_104' title='bbox 2271 2134 2675 2202; x_wconf 89' lang='lat' dir='ltr'>quanquam</span> <span class='ocrx_word' id='word_1_105' title='bbox 2703 2134 2775 2179; x_wconf 89' lang='lat' dir='ltr'>se</span> <span class='ocrx_word' id='word_1_106' title='bbox 2802 2109 3120 2177; x_wconf 89' lang='lat' dir='ltr'>dubitare</span> 
     </span>
     <span class='ocr_line' id='line_1_15' title="bbox 889 2196 3117 2308; baseline -0 -23"><span class='ocrx_word' id='word_1_107' title='bbox 889 2210 1105 2286; x_wconf 89' lang='lat' dir='ltr'>etiam</span> <span class='ocrx_word' id='word_1_108' title='bbox 1142 2217 1398 2285; x_wconf 88' lang='lat' dir='ltr'>indicat</span> <span class='ocrx_word' id='word_1_109' title='bbox 1432 2216 1551 2307; x_wconf 87' lang='grc'>(6),</span> <span class='ocrx_word' id='word_1_110' title='bbox 1586 2239 1812 2284; x_wconf 90' lang='lat' dir='ltr'>nonne</span> <span class='ocrx_word' id='word_1_111' title='bbox 1852 2241 1933 2284; x_wconf 89' lang='lat' dir='ltr'>ea</span> <span class='ocrx_word' id='word_1_112' title='bbox 1953 2219 2337 2286; x_wconf 91' lang='lat' dir='ltr'>multarum</span> <span class='ocrx_word' id='word_1_113' title='bbox 2370 2196 2864 2308; x_wconf 75' lang='lat' dir='ltr'>variarumque</span> <span class='ocrx_word' id='word_1_114' title='bbox 2884 2240 3117 2285; x_wconf 87' lang='lat' dir='ltr'>rerum</span> 
     </span>
     <span class='ocr_line' id='line_1_16' title="bbox 888 2324 3117 2415; baseline 0 -23"><span class='ocrx_word' id='word_1_115' title='bbox 888 2326 1197 2401; x_wconf 87' lang='lat' dir='ltr'>scientia,</span> <span class='ocrx_word' id='word_1_116' title='bbox 1255 2365 1317 2373; x_wconf 91' lang='lat'>—-—</span> <span class='ocrx_word' id='word_1_117' title='bbox 1371 2347 1580 2414; x_wconf 90' lang='lat' dir='ltr'>quam</span> <span class='ocrx_word' id='word_1_118' title='bbox 1637 2325 1755 2413; x_wconf 91' lang='lat' dir='ltr'>qui</span> <span class='ocrx_word' id='word_1_119' title='bbox 1820 2326 2079 2392; x_wconf 88' lang='lat' dir='ltr'>oratori</span> <span class='ocrx_word' id='word_1_120' title='bbox 2163 2324 2595 2415; x_wconf 85' lang='lat' dir='ltr'>adjungeret,</span> <span class='ocrx_word' id='word_1_121' title='bbox 2680 2326 2828 2415; x_wconf 90' lang='lat' dir='ltr'>ipse</span> <span class='ocrx_word' id='word_1_122' title='bbox 2887 2331 3117 2393; x_wconf 87' lang='lat' dir='ltr'>tamen</span> 
     </span>
     <span class='ocr_line' id='line_1_17' title="bbox 891 2430 3119 2521; baseline -0.001 -21"><span class='ocrx_word' id='word_1_123' title='bbox 891 2433 1179 2502; x_wconf 85' lang='lat' dir='ltr'>Crassus</span> <span class='ocrx_word' id='word_1_124' title='bbox 1210 2453 1282 2497; x_wconf 89' lang='lat' dir='ltr'>se</span> <span class='ocrx_word' id='word_1_125' title='bbox 1319 2430 1687 2519; x_wconf 91' lang='lat' dir='ltr'>complecti</span> <span class='ocrx_word' id='word_1_126' title='bbox 1714 2431 2188 2520; x_wconf 86' lang='lat' dir='ltr'>negaverit,-</span> <span class='ocrx_word' id='word_1_127' title='bbox 2217 2432 2441 2521; x_wconf 84' lang='lat' dir='ltr'>magis</span> <span class='ocrx_word' id='word_1_128' title='bbox 2467 2431 2654 2500; x_wconf 89' lang='lat' dir='ltr'>dictu</span> <span class='ocrx_word' id='word_1_129' title='bbox 2677 2431 3119 2521; x_wconf 89' lang='lat' dir='ltr'>splendidum</span> 
     </span>
     <span class='ocr_line' id='line_1_18' title="bbox 889 2537 3123 2628; baseline 0 -24"><span class='ocrx_word' id='word_1_130' title='bbox 889 2537 1154 2627; x_wconf 90' lang='lat' dir='ltr'>aliquid</span> <span class='ocrx_word' id='word_1_131' title='bbox 1202 2560 1414 2626; x_wconf 91' lang='lat' dir='ltr'>quam</span> <span class='ocrx_word' id='word_1_132' title='bbox 1455 2537 1702 2604; x_wconf 83' lang='lat' dir='ltr'>effectu</span> <span class='ocrx_word' id='word_1_133' title='bbox 1743 2537 1946 2604; x_wconf 91' lang='lat' dir='ltr'>facile</span> <span class='ocrx_word' id='word_1_134' title='bbox 1987 2537 2076 2604; x_wconf 89' lang='lat' dir='ltr'>sit</span> <span class='ocrx_word' id='word_1_135' title='bbox 2121 2562 2139 2622; x_wconf 83' lang='lat'>3</span> <span class='ocrx_word' id='word_1_136' title='bbox 2199 2559 2425 2628; x_wconf 92' lang='lat' dir='ltr'>neque</span> <span class='ocrx_word' id='word_1_137' title='bbox 2484 2537 2794 2627; x_wconf 89' lang='lat' dir='ltr'>ejusdem</span> <span class='ocrx_word' id='word_1_138' title='bbox 2852 2537 3123 2605; x_wconf 87' lang='lat' dir='ltr'>dubita-</span> 
     </span>
     <span class='ocr_line' id='line_1_19' title="bbox 888 2644 3121 2734; baseline -0 -22"><span class='ocrx_word' id='word_1_139' title='bbox 888 2646 1094 2712; x_wconf 89' lang='lat' dir='ltr'>tionis</span> <span class='ocrx_word' id='word_1_140' title='bbox 1154 2644 1579 2732; x_wconf 85' lang='lat' dir='ltr'>professione</span> <span class='ocrx_word' id='word_1_141' title='bbox 1649 2645 1740 2729; x_wconf 82' lang='grc'>(7)</span> <span class='ocrx_word' id='word_1_142' title='bbox 1795 2645 2144 2712; x_wconf 89' lang='lat' dir='ltr'>Antonius</span> <span class='ocrx_word' id='word_1_143' title='bbox 2227 2651 2393 2712; x_wconf 91' lang='lat' dir='ltr'>tunc</span> <span class='ocrx_word' id='word_1_144' title='bbox 2476 2644 2883 2734; x_wconf 86' lang='lat' dir='ltr'>impeditur,</span> <span class='ocrx_word' id='word_1_145' title='bbox 2946 2646 3121 2734; x_wconf 91' lang='lat' dir='ltr'>quin</span> 
     </span>
     <span class='ocr_line' id='line_1_20' title="bbox 889 2751 3124 2842; baseline 0 -23"><span class='ocrx_word' id='word_1_146' title='bbox 889 2752 1114 2819; x_wconf 89' lang='lat' dir='ltr'>Crassi</span> <span class='ocrx_word' id='word_1_147' title='bbox 1146 2752 1563 2819; x_wconf 88' lang='lat' dir='ltr'>sententiam</span> <span class='ocrx_word' id='word_1_148' title='bbox 1621 2752 1817 2841; x_wconf 91' lang='lat' dir='ltr'>sequi</span> <span class='ocrx_word' id='word_1_149' title='bbox 1850 2751 2213 2821; x_wconf 88' lang='lat' dir='ltr'>videatur:</span> <span class='ocrx_word' id='word_1_150' title='bbox 2259 2774 2420 2819; x_wconf 87' lang='lat' dir='ltr'>nam</span> <span class='ocrx_word' id='word_1_151' title='bbox 2462 2758 2528 2819; x_wconf 91' lang='lat' dir='ltr'>et</span> <span class='ocrx_word' id='word_1_152' title='bbox 2566 2775 2670 2833; x_wconf 90' lang='lat' dir='ltr'>ea,</span> <span class='ocrx_word' id='word_1_153' title='bbox 2717 2774 2893 2842; x_wconf 88' lang='lat' dir='ltr'>quae</span> <span class='ocrx_word' id='word_1_154' title='bbox 2927 2752 3124 2819; x_wconf 90' lang='lat' dir='ltr'>Cras-</span> 
     </span>
     <span class='ocr_line' id='line_1_21' title="bbox 884 2857 3119 2948; baseline -0 -21"><span class='ocrx_word' id='word_1_155' title='bbox 884 2884 1002 2927; x_wconf 90' lang='lat' dir='ltr'>sus</span> <span class='ocrx_word' id='word_1_156' title='bbox 1041 2859 1314 2937; x_wconf 84' lang='lat' dir='ltr'>dixerit,</span> <span class='ocrx_word' id='word_1_157' title='bbox 1350 2858 1637 2947; x_wconf 88' lang='lat' dir='ltr'>probare</span> <span class='ocrx_word' id='word_1_158' title='bbox 1667 2881 1741 2925; x_wconf 92' lang='lat' dir='ltr'>se</span> <span class='ocrx_word' id='word_1_159' title='bbox 1780 2857 2085 2926; x_wconf 87' lang='lat' dir='ltr'>declarat</span> <span class='ocrx_word' id='word_1_160' title='bbox 2122 2860 2243 2947; x_wconf 90' lang='lat'>(8),</span> <span class='ocrx_word' id='word_1_161' title='bbox 2281 2866 2345 2927; x_wconf 89' lang='lat' dir='ltr'>et</span> <span class='ocrx_word' id='word_1_162' title='bbox 2395 2861 2543 2948; x_wconf 92' lang='lat' dir='ltr'>ipse</span> <span class='ocrx_word' id='word_1_163' title='bbox 2575 2858 3119 2927; x_wconf 87' lang='lat' dir='ltr'>recordationem</span> 
     </span>
     <span class='ocr_line' id='line_1_22' title="bbox 888 2952 3121 3057; baseline -0.001 -23"><span class='ocrx_word' id='word_1_164' title='bbox 888 2969 1088 3034; x_wconf 87' lang='lat' dir='ltr'>affert</span> <span class='ocrx_word' id='word_1_165' title='bbox 1135 2967 1384 3055; x_wconf 82' lang='lat' dir='ltr'>longae</span> <span class='ocrx_word' id='word_1_166' title='bbox 1411 2966 1903 3056; x_wconf 89' lang='lat' dir='ltr'>disputationis</span> <span class='ocrx_word' id='word_1_167' title='bbox 1937 2966 2050 3056; x_wconf 88' lang='lat'>(9),</span> <span class='ocrx_word' id='word_1_168' title='bbox 2085 2990 2221 3057; x_wconf 90' lang='lat' dir='ltr'>qua</span> <span class='ocrx_word' id='word_1_169' title='bbox 2250 2966 2547 3034; x_wconf 89' lang='lat' dir='ltr'>Athenis</span> <span class='ocrx_word' id='word_1_170' title='bbox 2580 2952 2850 3033; x_wconf 87' lang='lat' dir='ltr'>audivit</span> <span class='ocrx_word' id='word_1_171' title='bbox 2903 2966 3121 3034; x_wconf 90' lang='lat' dir='ltr'>Char-</span> 
     </span>
     <span class='ocr_line' id='line_1_23' title="bbox 887 3073 3120 3164; baseline 0 -24"><span class='ocrx_word' id='word_1_172' title='bbox 887 3074 1164 3140; x_wconf 86' lang='lat' dir='ltr'>madam</span> <span class='ocrx_word' id='word_1_173' title='bbox 1199 3073 1691 3163; x_wconf 89' lang='lat' dir='ltr'>philosophum</span> <span class='ocrx_word' id='word_1_174' title='bbox 1717 3074 1963 3141; x_wconf 87' lang='lat' dir='ltr'>iisdem</span> <span class='ocrx_word' id='word_1_175' title='bbox 1995 3074 2138 3141; x_wconf 89' lang='lat' dir='ltr'>fere</span> <span class='ocrx_word' id='word_1_176' title='bbox 2180 3073 2590 3159; x_wconf 78' lang='lat' dir='ltr'>rationibUS,</span> <span class='ocrx_word' id='word_1_177' title='bbox 2626 3074 2883 3164; x_wconf 91' lang='lat' dir='ltr'>quibus</span> <span class='ocrx_word' id='word_1_178' title='bbox 2925 3074 3120 3141; x_wconf 90' lang='lat' dir='ltr'>Cras·</span> 
     </span>
    </p>
   </div>
   <div class='ocr_carea' id='block_1_4' title="bbox 889 3180 3128 3271">
    <p class='ocr_par' dir='ltr' id='par_1_5' title="bbox 889 3180 3128 3271">
     <span class='ocr_line' id='line_1_24' title="bbox 889 3180 3128 3271; baseline 0 -24"><span class='ocrx_word' id='word_1_179' title='bbox 889 3203 1006 3247; x_wconf 89' lang='lat' dir='ltr'>sus</span> <span class='ocrx_word' id='word_1_180' title='bbox 1056 3180 1260 3248; x_wconf 93' lang='lat' dir='ltr'>modo</span> <span class='ocrx_word' id='word_1_181' title='bbox 1302 3203 1471 3249; x_wconf 90' lang='lat' dir='ltr'>usus</span> <span class='ocrx_word' id='word_1_182' title='bbox 1512 3187 1641 3266; x_wconf 91' lang='lat' dir='ltr'>est,</span> <span class='ocrx_word' id='word_1_183' title='bbox 1692 3181 2310 3264; x_wconf 88' lang='lat' dir='ltr'>demonstrantem,</span> <span class='ocrx_word' id='word_1_184' title='bbox 2359 3210 2388 3243; x_wconf 72' lang='grc' dir='ltr'>(ι</span> <span class='ocrx_word' id='word_1_185' title='bbox 2442 3204 2583 3248; x_wconf 90' lang='lat' dir='ltr'>non</span> <span class='ocrx_word' id='word_1_186' title='bbox 2617 3203 2819 3270; x_wconf 91' lang='lat' dir='ltr'>posse</span> <span class='ocrx_word' id='word_1_187' title='bbox 2872 3193 3128 3271; x_wconf 76' lang='lat' dir='ltr'>quem-‘</span> 
     </span>
    </p>
   </div>
   <div class='ocr_carea' id='block_1_5' title="bbox 884 3286 3118 3697">
    <p class='ocr_par' dir='ltr' id='par_1_6' title="bbox 884 3286 3118 3697">
     <span class='ocr_line' id='line_1_25' title="bbox 888 3286 3113 3377; baseline -0.001 -23"><span class='ocrx_word' id='word_1_188' title='bbox 888 3310 1097 3377; x_wconf 87' lang='lat' dir='ltr'>quam</span> <span class='ocrx_word' id='word_1_189' title='bbox 1130 3288 1533 3357; x_wconf 87' lang='lat' dir='ltr'>facultatem</span> <span class='ocrx_word' id='word_1_190' title='bbox 1571 3288 1848 3377; x_wconf 88' lang='lat' dir='ltr'>assequi</span> <span class='ocrx_word' id='word_1_191' title='bbox 1880 3286 2177 3371; x_wconf 87' lang='lat' dir='ltr'>dicendi,</span> <span class='ocrx_word' id='word_1_192' title='bbox 2214 3289 2356 3374; x_wconf 82' lang='lat' dir='ltr'>nisi</span> <span class='ocrx_word' id='word_1_193' title='bbox 2380 3288 2500 3377; x_wconf 90' lang='lat' dir='ltr'>qui</span> <span class='ocrx_word' id='word_1_194' title='bbox 2544 3286 3113 3376; x_wconf 85' lang='lat' dir='ltr'>philosophorum</span> 
     </span>
     <span class='ocr_line' id='line_1_26' title="bbox 884 3393 3118 3484; baseline 0 -25"><span class='ocrx_word' id='word_1_195' title='bbox 884 3394 1167 3461; x_wconf 88' lang='lat' dir='ltr'>inventa</span> <span class='ocrx_word' id='word_1_196' title='bbox 1205 3394 1562 3464; x_wconf 88' lang='lat' dir='ltr'>didicisset</span> <span class='ocrx_word' id='word_1_197' title='bbox 1595 3424 1625 3458; x_wconf 92' lang='lat'>»</span> <span class='ocrx_word' id='word_1_198' title='bbox 1665 3394 1805 3484; x_wconf 77' lang='lat'>(10)</span> <span class='ocrx_word' id='word_1_199' title='bbox 1842 3417 1855 3463; x_wconf 75' lang='grc' dir='ltr'>ε</span> <span class='ocrx_word' id='word_1_200' title='bbox 1893 3396 2006 3461; x_wconf 90' lang='lat' dir='ltr'>cui</span> <span class='ocrx_word' id='word_1_201' title='bbox 2041 3393 2467 3462; x_wconf 87' lang='lat' dir='ltr'>Charmadae</span> <span class='ocrx_word' id='word_1_202' title='bbox 2508 3394 2821 3482; x_wconf 89' lang='lat' dir='ltr'>opinioni</span> <span class='ocrx_word' id='word_1_203' title='bbox 2848 3416 2921 3460; x_wconf 87' lang='lat' dir='ltr'>se</span> <span class='ocrx_word' id='word_1_204' title='bbox 2962 3395 3118 3483; x_wconf 90' lang='lat' dir='ltr'>qui-</span> 
     </span>
     <span class='ocr_line' id='line_1_27' title="bbox 886 3498 3116 3594; baseline 0.001 -29"><span class='ocrx_word' id='word_1_205' title='bbox 886 3499 1043 3566; x_wconf 91' lang='lat' dir='ltr'>dem</span> <span class='ocrx_word' id='word_1_206' title='bbox 1087 3499 1255 3567; x_wconf 88' lang='lat' dir='ltr'>adeo</span> <span class='ocrx_word' id='word_1_207' title='bbox 1303 3523 1667 3567; x_wconf 88' lang='lat' dir='ltr'>assensum</span> <span class='ocrx_word' id='word_1_208' title='bbox 1699 3522 1848 3567; x_wconf 90' lang='lat' dir='ltr'>esse</span> <span class='ocrx_word' id='word_1_209' title='bbox 1888 3498 2102 3579; x_wconf 90' lang='lat' dir='ltr'>addit,</span> <span class='ocrx_word' id='word_1_210' title='bbox 2156 3506 2230 3566; x_wconf 88' lang='lat' dir='ltr'>ut</span> <span class='ocrx_word' id='word_1_211' title='bbox 2266 3521 2346 3566; x_wconf 88' lang='lat' dir='ltr'>ea</span> <span class='ocrx_word' id='word_1_212' title='bbox 2376 3499 2712 3568; x_wconf 88' lang='lat' dir='ltr'>adductus</span> <span class='ocrx_word' id='word_1_213' title='bbox 2748 3528 2777 3563; x_wconf 94' lang='lat'>«</span> <span class='ocrx_word' id='word_1_214' title='bbox 2816 3500 3116 3594; x_wconf 86' lang='lat' dir='ltr'>quodam</span> 
     </span>
     <span class='ocr_line' id='line_1_28' title="bbox 889 3606 3113 3697; baseline 0 -24"><span class='ocrx_word' id='word_1_215' title='bbox 889 3607 962 3673; x_wconf 91' lang='lat' dir='ltr'>in</span> <span class='ocrx_word' id='word_1_216' title='bbox 1003 3606 1239 3673; x_wconf 88' lang='lat' dir='ltr'>libello</span> <span class='ocrx_word' id='word_1_217' title='bbox 1279 3637 1306 3667; x_wconf 91' lang='lat'>»</span> <span class='ocrx_word' id='word_1_218' title='bbox 1361 3608 1783 3697; x_wconf 90' lang='lat' dir='ltr'>scripserit«</span> <span class='ocrx_word' id='word_1_219' title='bbox 1842 3607 2141 3674; x_wconf 86' lang='lat' dir='ltr'>disertos</span> <span class='ocrx_word' id='word_1_220' title='bbox 2200 3629 2272 3674; x_wconf 90' lang='lat' dir='ltr'>se</span> <span class='ocrx_word' id='word_1_221' title='bbox 2311 3628 2648 3693; x_wconf 78' lang='lat' dir='ltr'>cognosse</span> <span class='ocrx_word' id='word_1_222' title='bbox 2706 3608 3113 3690; x_wconf 77' lang='lat' dir='ltr'>nonnUIIOS,</span> 
     </span>
    </p>
   </div>
   <div class='ocr_carea' id='block_1_6' title="bbox 886 3859 3121 4639">
    <p class='ocr_par' dir='ltr' id='par_1_7' title="bbox 947 3859 2558 4281">
     <span class='ocr_line' id='line_1_29' title="bbox 949 3859 1752 3923; baseline 0.002 -15"><span class='ocrx_word' id='word_1_223' title='bbox 949 3859 1016 3923; x_wconf 88' lang='lat'>(1)</span> <span class='ocrx_word' id='word_1_224' title='bbox 1039 3860 1116 3909; x_wconf 89' lang='lat' dir='ltr'>Cf.</span> <span class='ocrx_word' id='word_1_225' title='bbox 1153 3861 1228 3910; x_wconf 87' lang='lat' dir='ltr'>De</span> <span class='ocrx_word' id='word_1_226' title='bbox 1262 3860 1370 3923; x_wconf 61' lang='lat' dir='ltr'>Ora,</span> <span class='ocrx_word' id='word_1_227' title='bbox 1404 3862 1444 3917; x_wconf 84' lang='grc' dir='ltr'>Ι,</span> <span class='ocrx_word' id='word_1_228' title='bbox 1467 3860 1546 3922; x_wconf 80' lang='grc'>48,</span> <span class='ocrx_word' id='word_1_229' title='bbox 1574 3861 1652 3918; x_wconf 81' lang='grc'>59,</span> <span class='ocrx_word' id='word_1_230' title='bbox 1674 3862 1752 3910; x_wconf 78' lang='grc'>64.</span> 
     </span>
     <span class='ocr_line' id='line_1_30' title="bbox 952 3930 1600 3995; baseline 0.006 -17"><span class='ocrx_word' id='word_1_231' title='bbox 952 3930 1016 3993; x_wconf 81' lang='lat'>(2)</span> <span class='ocrx_word' id='word_1_232' title='bbox 1047 3933 1122 3982; x_wconf 87' lang='lat'>21.</span> <span class='ocrx_word' id='word_1_233' title='bbox 1158 3931 1232 3981; x_wconf 90' lang='lat' dir='ltr'>Cf.</span> <span class='ocrx_word' id='word_1_234' title='bbox 1267 3945 1448 3995; x_wconf 83' lang='lat' dir='ltr'>supra.</span> <span class='ocrx_word' id='word_1_235' title='bbox 1467 3946 1518 3995; x_wconf 88' lang='lat' dir='ltr'>p.</span> <span class='ocrx_word' id='word_1_236' title='bbox 1555 3933 1600 3982; x_wconf 91' lang='grc'>9.</span> 
     </span>
     <span class='ocr_line' id='line_1_31' title="bbox 951 4002 1691 4064; baseline 0.001 -13"><span class='ocrx_word' id='word_1_237' title='bbox 951 4002 1015 4064; x_wconf 89' lang='grc'>(3)</span> <span class='ocrx_word' id='word_1_238' title='bbox 1044 4003 1120 4052; x_wconf 88' lang='lat' dir='ltr'>Cf.</span> <span class='ocrx_word' id='word_1_239' title='bbox 1154 4004 1229 4051; x_wconf 87' lang='lat' dir='ltr'>De</span> <span class='ocrx_word' id='word_1_240' title='bbox 1255 4003 1342 4051; x_wconf 84' lang='lat' dir='ltr'>Or.</span> <span class='ocrx_word' id='word_1_241' title='bbox 1367 4004 1408 4058; x_wconf 82' lang='grc' dir='ltr'>Ι,</span> <span class='ocrx_word' id='word_1_242' title='bbox 1444 4004 1502 4052; x_wconf 84' lang='lat'>35</span> <span class='ocrx_word' id='word_1_243' title='bbox 1533 4006 1586 4052; x_wconf 91' lang='lat' dir='ltr'>et</span> <span class='ocrx_word' id='word_1_244' title='bbox 1613 4004 1691 4052; x_wconf 80' lang='lat'>71.</span> 
     </span>
     <span class='ocr_line' id='line_1_32' title="bbox 948 4073 2558 4136; baseline -0.001 -13"><span class='ocrx_word' id='word_1_245' title='bbox 948 4074 1012 4135; x_wconf 87' lang='lat'>(4)</span> <span class='ocrx_word' id='word_1_246' title='bbox 1037 4074 1190 4133; x_wconf 90' lang='lat' dir='ltr'>Quod</span> <span class='ocrx_word' id='word_1_247' title='bbox 1221 4073 1740 4135; x_wconf 67' lang='lat' dir='ltr'>animadvertentem</span> <span class='ocrx_word' id='word_1_248' title='bbox 1759 4073 2075 4124; x_wconf 85' lang='lat' dir='ltr'>Scaevolam</span> <span class='ocrx_word' id='word_1_249' title='bbox 2104 4074 2286 4123; x_wconf 89' lang='lat' dir='ltr'>Cicero</span> <span class='ocrx_word' id='word_1_250' title='bbox 2311 4074 2459 4136; x_wconf 87' lang='lat' dir='ltr'>facit,</span> <span class='ocrx_word' id='word_1_251' title='bbox 2481 4078 2558 4125; x_wconf 82' lang='lat'>75.</span> 
     </span>
     <span class='ocr_line' id='line_1_33' title="bbox 947 4145 2139 4209; baseline -0.003 -12"><span class='ocrx_word' id='word_1_252' title='bbox 947 4146 1012 4207; x_wconf 84' lang='lat'>(5)</span> <span class='ocrx_word' id='word_1_253' title='bbox 1042 4146 1190 4196; x_wconf 89' lang='lat' dir='ltr'>Sicut</span> <span class='ocrx_word' id='word_1_254' title='bbox 1218 4146 1322 4195; x_wconf 92' lang='lat' dir='ltr'>hoc</span> <span class='ocrx_word' id='word_1_255' title='bbox 1343 4146 1463 4195; x_wconf 91' lang='lat' dir='ltr'>loco</span> <span class='ocrx_word' id='word_1_256' title='bbox 1498 4145 1739 4209; x_wconf 89' lang='lat' dir='ltr'>loquitur</span> <span class='ocrx_word' id='word_1_257' title='bbox 1764 4145 2037 4202; x_wconf 87' lang='lat' dir='ltr'>Scaevola,</span> <span class='ocrx_word' id='word_1_258' title='bbox 2061 4147 2139 4195; x_wconf 81' lang='lat'>74.</span> 
     </span>
     <span class='ocr_line' id='line_1_34' title="bbox 949 4215 2278 4281; baseline 0 -15"><span class='ocrx_word' id='word_1_259' title='bbox 949 4216 1016 4278; x_wconf 84' lang='lat'>(6›</span> <span class='ocrx_word' id='word_1_260' title='bbox 1039 4219 1208 4267; x_wconf 77' lang='lat'>76-77.</span> <span class='ocrx_word' id='word_1_261' title='bbox 1238 4217 1332 4280; x_wconf 82' lang='lat' dir='ltr'>(Cf.</span> <span class='ocrx_word' id='word_1_262' title='bbox 1366 4217 1418 4267; x_wconf 92' lang='lat' dir='ltr'>id</span> <span class='ocrx_word' id='word_1_263' title='bbox 1441 4215 1584 4281; x_wconf 88' lang='lat' dir='ltr'>quod</span> <span class='ocrx_word' id='word_1_264' title='bbox 1611 4216 1673 4267; x_wconf 89' lang='lat' dir='ltr'>de</span> <span class='ocrx_word' id='word_1_265' title='bbox 1700 4232 1758 4267; x_wconf 91' lang='lat' dir='ltr'>se</span> <span class='ocrx_word' id='word_1_266' title='bbox 1775 4217 1908 4267; x_wconf 89' lang='lat' dir='ltr'>dicit</span> <span class='ocrx_word' id='word_1_267' title='bbox 1936 4217 2181 4276; x_wconf 84' lang='lat' dir='ltr'>CrassuS‚</span> <span class='ocrx_word' id='word_1_268' title='bbox 2200 4220 2278 4267; x_wconf 87' lang='lat'>·11.</span> 
     </span>
    </p>

    <p class='ocr_par' dir='ltr' id='par_1_8' title="bbox 948 4288 1399 4350">
     <span class='ocr_line' id='line_1_35' title="bbox 948 4288 1399 4350; baseline 0.002 -14"><span class='ocrx_word' id='word_1_269' title='bbox 948 4288 1013 4350; x_wconf 82' lang='lat'>(7)</span> <span class='ocrx_word' id='word_1_270' title='bbox 1041 4288 1117 4337; x_wconf 86' lang='lat' dir='ltr'>De</span> <span class='ocrx_word' id='word_1_271' title='bbox 1147 4288 1233 4338; x_wconf 83' lang='lat' dir='ltr'>Or.</span> <span class='ocrx_word' id='word_1_272' title='bbox 1260 4290 1297 4348; x_wconf 91' lang='lat'>1,</span> <span class='ocrx_word' id='word_1_273' title='bbox 1322 4289 1399 4338; x_wconf 87' lang='lat'>81.</span> 
     </span>
    </p>

    <p class='ocr_par' dir='ltr' id='par_1_9' title="bbox 946 4359 1314 4419">
     <span class='ocr_line' id='line_1_36' title="bbox 946 4359 1314 4419; baseline 0.003 -11"><span class='ocrx_word' id='word_1_274' title='bbox 946 4360 1027 4419; x_wconf 90' lang='grc'>(8)</span> <span class='ocrx_word' id='word_1_275' title='bbox 1050 4359 1209 4418; x_wconf 74' lang='lat' dir='ltr'>ibid..</span> <span class='ocrx_word' id='word_1_276' title='bbox 1238 4361 1314 4409; x_wconf 91' lang='grc'>80.</span> 
     </span>
    </p>

    <p class='ocr_par' dir='ltr' id='par_1_10' title="bbox 951 4430 1441 4494">
     <span class='ocr_line' id='line_1_37' title="bbox 951 4430 1441 4494; baseline 0.004 -15"><span class='ocrx_word' id='word_1_277' title='bbox 951 4431 1016 4491; x_wconf 89' lang='grc'>(9)</span> <span class='ocrx_word' id='word_1_278' title='bbox 1048 4430 1162 4480; x_wconf 88' lang='lat' dir='ltr'>Ibid</span> <span class='ocrx_word' id='word_1_279' title='bbox 1191 4468 1203 4491; x_wconf 93' lang='lat'>,</span> <span class='ocrx_word' id='word_1_280' title='bbox 1235 4433 1294 4481; x_wconf 87' lang='lat'>82</span> <span class='ocrx_word' id='word_1_281' title='bbox 1325 4445 1441 4494; x_wconf 87' lang='lat' dir='ltr'>sqq.</span> 
     </span>
    </p>

    <p class='ocr_par' dir='ltr' id='par_1_11' title="bbox 886 4501 3121 4639">
     <span class='ocr_line' id='line_1_38' title="bbox 951 4501 3120 4563; baseline 0 -15"><span class='ocrx_word' id='word_1_282' title='bbox 951 4502 1048 4563; x_wconf 89' lang='grc'>(10)</span> <span class='ocrx_word' id='word_1_283' title='bbox 1092 4502 1166 4552; x_wconf 86' lang='lat' dir='ltr'>Cf.</span> <span class='ocrx_word' id='word_1_284' title='bbox 1226 4502 1376 4562; x_wconf 67' lang='lat' dir='ltr'>ibid„</span> <span class='ocrx_word' id='word_1_285' title='bbox 1429 4506 1505 4554; x_wconf 90' lang='lat'>84.</span> <span class='ocrx_word' id='word_1_286' title='bbox 1563 4503 1921 4555; x_wconf 84' lang='lat' dir='ltr'>Charmadam</span> <span class='ocrx_word' id='word_1_287' title='bbox 1969 4503 2222 4553; x_wconf 89' lang='lat' dir='ltr'>eumdem</span> <span class='ocrx_word' id='word_1_288' title='bbox 2292 4504 2517 4554; x_wconf 81' lang='lat' dir='ltr'>Crassus</span> <span class='ocrx_word' id='word_1_289' title='bbox 2572 4501 2882 4552; x_wconf 80' lang='lat' dir='ltr'>nominavit</span> <span class='ocrx_word' id='word_1_290' title='bbox 2939 4501 3120 4563; x_wconf 78' lang='lat'>(45-46)</span> 
     </span>
     <span class='ocr_line' id='line_1_39' title="bbox 886 4570 3121 4639; baseline 0 -20"><span class='ocrx_word' id='word_1_291' title='bbox 886 4572 1026 4620; x_wconf 90' lang='lat' dir='ltr'>inter</span> <span class='ocrx_word' id='word_1_292' title='bbox 1045 4587 1157 4633; x_wconf 72' lang='lat' dir='ltr'>e08,</span> <span class='ocrx_word' id='word_1_293' title='bbox 1177 4588 1312 4637; x_wconf 88' lang='lat' dir='ltr'>quos</span> <span class='ocrx_word' id='word_1_294' title='bbox 1343 4579 1534 4625; x_wconf 86' lang='lat' dir='ltr'>contra</span> <span class='ocrx_word' id='word_1_295' title='bbox 1558 4591 1615 4626; x_wconf 88' lang='lat' dir='ltr'>se</span> <span class='ocrx_word' id='word_1_296' title='bbox 1646 4575 1957 4639; x_wconf 86' lang='lat' dir='ltr'>disputasse</span> <span class='ocrx_word' id='word_1_297' title='bbox 1988 4574 2168 4625; x_wconf 86' lang='lat' dir='ltr'>aiebat</span> <span class='ocrx_word' id='word_1_298' title='bbox 2194 4590 2206 4624; x_wconf 76' lang='grc' dir='ltr'><strong><em>ε</em></strong></span> <span class='ocrx_word' id='word_1_299' title='bbox 2258 4574 2351 4624; x_wconf 89' lang='lat' dir='ltr'>sed</span> <span class='ocrx_word' id='word_1_300' title='bbox 2397 4575 2523 4624; x_wconf 91' lang='lat' dir='ltr'>huic</span> <span class='ocrx_word' id='word_1_301' title='bbox 2554 4601 2614 4611; x_wconf 92' lang='lat'>—</span> <span class='ocrx_word' id='word_1_302' title='bbox 2643 4576 2704 4624; x_wconf 89' lang='lat' dir='ltr'>ut</span> <span class='ocrx_word' id='word_1_303' title='bbox 2729 4571 2989 4623; x_wconf 85' lang='lat' dir='ltr'>Carneadi</span> <span class='ocrx_word' id='word_1_304' title='bbox 3018 4570 3121 4620; x_wconf 88' lang='lat' dir='ltr'>dis-</span> 
     </span>
    </p>
   </div>
   <div class='ocr_carea' id='block_1_7' title="bbox 885 4642 3113 4777">
    <p class='ocr_par' dir='ltr' id='par_1_12' title="bbox 885 4642 3113 4777">
     <span class='ocr_line' id='line_1_40' title="bbox 885 4642 3113 4777; baseline -0.003 -84"><span class='ocrx_word' id='word_1_305' title='bbox 885 4644 1063 4777; x_wconf 54' lang='lat' dir='ltr'>gpplo</span> <span class='ocrx_word' id='word_1_306' title='bbox 1092 4674 1152 4681; x_wconf 92' lang='lat'><em>-</em></span> <span class='ocrx_word' id='word_1_307' title='bbox 1180 4665 1200 4691; x_wconf 68' lang='lat' dir='ltr'>a</span> <span class='ocrx_word' id='word_1_308' title='bbox 1232 4661 1350 4695; x_wconf 89' lang='lat' dir='ltr'>mos</span> <span class='ocrx_word' id='word_1_309' title='bbox 1381 4650 1495 4696; x_wconf 84' lang='lat' dir='ltr'>erat</span> <span class='ocrx_word' id='word_1_310' title='bbox 1524 4648 1730 4711; x_wconf 88' lang='lat' dir='ltr'>patrius</span> <span class='ocrx_word' id='word_1_311' title='bbox 1762 4647 2038 4698; x_wconf 87' lang='lat' dir='ltr'>adversari</span> <span class='ocrx_word' id='word_1_312' title='bbox 2083 4661 2296 4710; x_wconf 89' lang='lat' dir='ltr'>semper</span> <span class='ocrx_word' id='word_1_313' title='bbox 2345 4646 2599 4696; x_wconf 90' lang='lat' dir='ltr'>omnihus</span> <span class='ocrx_word' id='word_1_314' title='bbox 2641 4646 2699 4694; x_wconf 90' lang='lat' dir='ltr'>in</span> <span class='ocrx_word' id='word_1_315' title='bbox 2745 4642 3068 4708; x_wconf 86' lang='lat' dir='ltr'>disputando</span> <span class='ocrx_word' id='word_1_316' title='bbox 3094 4663 3113 4687; x_wconf 67' lang='lat' dir='ltr'>a</span> 
     </span>
    </p>
   </div>
   <div class='ocr_carea' id='block_1_8' title="bbox 3713 85 3714 1107">
    <p class='ocr_par' dir='ltr' id='par_1_13' title="bbox 3713 85 3714 1107">
     <span class='ocr_line' id='line_1_41' title="bbox 3713 85 3714 1107; baseline 0 0"><span class='ocrx_word' id='word_1_317' title='bbox 3713 85 3714 1107; x_wconf 95' lang='lat' dir='ltr'> </span> 
     </span>
    </p>
   </div>
   <div class='ocr_carea' id='block_1_9' title="bbox 3713 85 3714 1412">
    <p class='ocr_par' dir='ltr' id='par_1_14' title="bbox 3713 85 3714 1412">
     <span class='ocr_line' id='line_1_42' title="bbox 3713 85 3714 1412; baseline 0 0"><span class='ocrx_word' id='word_1_318' title='bbox 3713 85 3714 1412; x_wconf 95' lang='lat' dir='ltr'> </span> 
     </span>
    </p>
   </div>
   <div class='ocr_carea' id='block_1_10' title="bbox 3713 3183 3714 3900">
    <p class='ocr_par' dir='ltr' id='par_1_15' title="bbox 3713 3183 3714 3900">
     <span class='ocr_line' id='line_1_43' title="bbox 3713 3183 3714 3900; baseline 0 0"><span class='ocrx_word' id='word_1_319' title='bbox 3713 3183 3714 3900; x_wconf 95' lang='lat' dir='ltr'> </span> 
     </span>
    </p>
   </div>
   <div class='ocr_carea' id='block_1_11' title="bbox 3712 4255 3715 5137">
    <p class='ocr_par' dir='ltr' id='par_1_16' title="bbox 3712 4255 3715 5137">
     <span class='ocr_line' id='line_1_44' title="bbox 3712 4255 3715 5137; baseline 0 0"><span class='ocrx_word' id='word_1_320' title='bbox 3712 4255 3715 5137; x_wconf 95' lang='lat' dir='ltr'> </span> 
     </span>
    </p>
   </div>
  </div>
 </body>
</html>
