3742 5167
1782 572 1868 583 -
1918 534 2001 599 26
2051 572 2137 585 .-

853 698 1116 788 quippe
1177 696 1261 765 ad
1329 721 1539 789 quem
1589 740 1672 750 —
1747 707 2084 793 tanquam
2141 704 2225 771 ad
2277 732 2310 767 ιι
2362 704 2618 776 harum
2667 707 3087 798 disputatio·

846 825 1022 871 num
1099 804 1544 873 inventorem
1605 813 1679 875 et
1740 810 2133 900 principem
2190 812 2285 903 (1)
2328 840 2362 874 υ
2423 853 2509 864 -
2572 821 2641 882 et
2699 816 2857 882 illos
2899 816 3089 905 ipsos

853 911 1271 978 recentiores
1305 911 1786 1005 philosophos,
1826 939 2127 1007 quorum
2172 920 2536 1009 opiniones
2578 921 2814 990 Cicero
2856 922 3090 991 Crassi

851 1023 971 1084 aut
999 1018 1289 1084 Antonii
1312 1019 2165 1103 sermonibusinseruerit‚
2193 1025 2580 1113 respexisse
2608 1033 2939 1116 appareat
2966 1028 3083 1117 (2),

857 1129 924 1191 et
979 1124 1218 1192 Cicero
1255 1131 1440 1193 certe
1484 1149 1556 1193 se
1594 1128 1971 1196 contulisse
2018 1130 2130 1197 vel
2178 1132 2479 1199 maxime
2518 1132 2859 1200 videatur.

1946 1522 1997 1577 11

945 1775 1211 1843 Horum
1253 1798 1418 1843 sane
1462 1776 1923 1867 dialogorum,
1953 1778 2074 1867 qui
2124 1776 2470 1843 Phaedrus
2528 1782 2591 1843 et
2639 1776 2923 1865 Gorqias
2985 1777 3090 1843 in-

853 1883 1276 1969 scribuntur,
1315 1890 1379 1950 et
1415 1885 1768 1974 propriam
1809 1885 1954 1951 vim
1994 1891 2061 1951 et
2109 1884 2429 1950 intimam
2480 1884 2820 1951 rationem
2875 1883 3091 1973 expli-

850 2012 1004 2057 care
1070 2012 1298 2079 neque
1366 2013 1748 2080 paucorum
1834 1989 2207 2058 verborum
2287 2011 2395 2056 res
2463 1996 2643 2057 esset
2708 2012 2936 2079 neque
3004 1988 3087 2056 ad

849 2098 1244 2177 institutam
1277 2100 1727 2186 scriptionem
1778 2098 2249 2164 necessarium
2286 2104 2412 2173 est,
2472 2098 2878 2185 praesertim
2926 2119 3086 2162 cum

852 2203 1086 2272 Cicero
1129 2205 1274 2295 ipse
1315 2204 1379 2269 id
1416 2227 1556 2270 non
1590 2204 1892 2270 multum
1932 2204 2282 2270 curavisse
2324 2202 2644 2270 videatur
2675 2204 2906 2284 ysatis
2960 2203 3087 2292 igi-

856 2318 966 2377 tur
1005 2310 1312 2378 hocloco
1353 2309 1589 2391 fuerit,
1626 2333 1771 2377 rem
1814 2309 2109 2377 eruditis
2138 2310 2573 2377 notissimam
2606 2308 2910 2378 breviter
2940 2332 3085 2376 me-

852 2439 1150 2495 morare,
1191 2457 1264 2465 -
1313 2439 1416 2495 ea,
1461 2438 1637 2505 quae
1669 2417 1740 2481 in
1771 2421 2065 2504 utroque
2106 2415 2377 2506 dialogo
2409 2439 2447 2482 a
2474 2416 2753 2483 Socrate
2787 2415 2869 2483 de
2931 2416 3089 2482 rhe-

851 2524 1068 2590 torica
1119 2521 1581 2600 disseruntur,
1666 2545 1795 2588 non
1862 2521 1947 2587 ad
2006 2521 2321 2589 eamdem
2392 2524 2675 2588 omnino
2745 2524 3086 2589 rationem

851 2628 1112 2694 directa
1151 2627 1395 2707 videri,
1455 2649 1856 2717 quanquam
1912 2650 1998 2693 ne
2039 2628 2135 2694 ita
2174 2627 2455 2716 quidem
2520 2628 2894 2717 obscurum
2955 2636 3081 2705 est,

851 2733 1198 2824 quomodo
1239 2756 1318 2801 ea
1358 2736 1529 2824 ipsa.
1575 2756 1750 2823 quae
1797 2733 2074 2800 diversa
2115 2734 2505 2807 videantur,
2554 2735 2633 2802 ad
2682 2759 2889 2802 unam
2932 2757 3086 2802 sen-

853 2842 1141 2908 tentiam
1174 2840 1395 2929 redigi
1422 2841 1712 2931 possint.
1749 2843 1915 2910 Nam
1944 2840 2125 2930 quod
2169 2840 2252 2907 ad
2293 2840 2469 2907 hanc
2504 2842 2907 2909 solvendam
2944 2862 3082 2908 am-

854 2948 1260 3038 biguitatem
1280 2948 1778 3029 Quintilianu3‚
1810 2948 2239 3035 graviorum,
2277 2955 2352 3014 ut
2388 2947 2688 3029 videtur,
2725 2949 3084 3016 doctorum

848 3056 1292 3123 auctoritates
1327 3062 1632 3135 secutuS‚
1679 3055 2052 3145 explicavit
2099 3055 2219 3144 (3),
2268 3085 2295 3114 «
2343 3056 2515 3121 alios
2574 3078 2724 3122 esse
2773 3056 3086 3122 Platonis

848 3184 1202 3229 sermones
1232 3160 1317 3228 ad
1374 3160 1876 3249 coarguendOS‚
1914 3163 2032 3250 qui
2080 3169 2320 3228 contra
2368 3148 2752 3251 disputant,
2808 3184 3086 3251 compo-

853 3268 1044 3342 sitoS,
1091 3307 1174 3315 —
1231 3289 1405 3356 quos
1449 3272 1793 3347 ἐλεγκτικοὺς
1835 3276 2107 3346 vocant,
2158 3309 2233 3317 ——
2276 3269 2448 3334 alios
2512 3268 2595 3335 ad
2649 3269 3084 3358 praecipien-

852 3371 1042 3452 dum,
1079 3372 1198 3460 qui
1248 3377 1574 3455 δογματικοὶ
1625 3371 2070 3461 appellantur
2126 3400 2183 3452 n,
2230 3371 2294 3438 id
2367 3374 2597 3462 ipsum
2670 3377 2906 3442 Cicero
2974 3376 3084 3443 vel

849 3478 1032 3544 ultro
1064 3477 1487 3544 intellexisse
1508 3478 1608 3544 vel
1644 3500 1681 3544 a
1713 3478 2000 3545 Graecis·
2032 3480 2391 3567 magistris
2413 3482 2759 3570 accepisse
2781 3481 3079 3557 videtur,

852 3587 1108 3674 quippe
1137 3584 1256 3673 qui
1318 3582 1400 3650 de
1474 3584 1729 3673 Gorqia
1815 3584 2098 3674 quidem
2156 3587 2253 3652 ita
2304 3588 2700 3675 loquentem
2756 3588 3083 3654 Crassum

852 3714 1056 3756 suum
1086 3691 1328 3757 fecerit
1368 3690 1480 3779 (4).
1530 3692 1726 3780 quasi
1770 3692 2124 3759 Socratem
2166 3694 2236 3758 in
2273 3693 2400 3761 hoc
2430 3694 2702 3784 dialogo
2763 3718 2895 3761 non
2942 3702 3082 3761 tam

854 3798 1167 3886 proprios
1191 3803 1442 3863 sensus
1466 3799 1933 3885 proferentem
1961 3821 2168 3887 quam
2193 3829 2223 3861 «
2260 3807 2568 3868 oratores
2598 3800 2999 3868 irridentem
3051 3828 3080 3861 »

861 3933 889 3963 «
931 3903 1515 3990 cavillantemque
1570 3932 1600 3965 ο
1669 3903 1802 3971 sibi
1851 3913 2425 3994 repraesentaret.
2496 3909 2581 3975 Et
2622 3906 2905 3997 quidem
2966 3907 3085 3973 ille

852 4016 1192 4094 SocrateS,
1259 4036 1466 4103 quem
1539 4013 1687 4101 ipsa
1745 4012 2107 4079 institutae
2164 4036 2323 4080 cum
2387 4002 2715 4103 sophistis
2771 4013 3084 4103 disputa-

854 4124 1060 4190 tionis
1095 4122 1582 4213 progressione
1611 4120 1684 4185 in
1730 4120 1989 4207 Gorqia
2038 4143 2117 4188 eo
2177 4120 2552 4188 adductum
2604 4119 2954 4204 videmuS‚
3010 4127 3087 4186 ut

851 4253 1090 4297 veram
1130 4229 1550 4295 rhetoricam
1591 4226 2022 4294 demonstret
2059 4228 2237 4294 nihil
2286 4228 2475 4317 aliud
2509 4250 2658 4295 esse
2702 4250 2900 4317 posse
2947 4228 3084 4293 nisi

853 4358 1032 4415 eam,
1090 4358 1266 4425 quae
1309 4335 1626 4401 homines
1683 4334 1751 4400 vi
1801 4334 2116 4400 veritalis
2166 4336 2585 4426 virtutisque
2626 4337 2953 4403 meliores
2985 4338 3086 4404 fa-

911 4539 977 4600 (1)
1007 4540 1060 4587 et
1087 4539 1150 4600 (2)
1180 4537 1243 4588 Cf
1296 4538 1372 4585 De
1399 4536 1508 4594 Or„
1529 4536 1569 4594 1,
1593 4537 1679 4588 47.

911 4611 978 4672 (3)
999 4611 1176 4659 Instit.
1215 4611 1374 4667 orat„
1412 4608 1477 4666 ΙΙ,
1510 4620 1626 4669 cap.
1664 4605 1738 4665 15,
1771 4610 1893 4667 526.

914 4684 980 4744 (4)
1004 4682 1079 4732 Cf.
1112 4682 1188 4730 De
1217 4682 1302 4730 Or.
1329 4683 1366 4739 1,
1396 4685 1488 4741 4·1;
1515 4708 1570 4715 —
1601 4679 1690 4735 111,
1725 4682 1832 4731 122.

3686 3685 3719 3736 η)
