3742 5167
767 572 941 639 ,65-

298 744 436 815 doctore
452 741 603 810 Athenis
625 768 640 802 a
667 746 895 811 renovaverat
918 768 933 802 a
952 740 1011 831 (1).
1041 741 1108 808 Sed
1136 742 1291 831 quidem,
1323 743 1415 832 quod

298 852 373 942 ipse
394 848 486 917 haud
512 848 657 915 obscure
678 848 856 938 professus
868 853 932 931 est,
947 870 995 928 se,
1011 870 1090 915 cum
1106 854 1247 938 propter
1266 850 1414 917 aliarum

298 978 483 1026 causarum
502 956 793 1045 opportunitates
815 961 890 1021 tum
906 954 960 1022 vel
989 956 1140 1021 maxime
1171 969 1312 1045 propter
1327 955 1416 1023 hano

299 1062 541 1155 philosophiae
561 1062 796 1130 accessionem
812 1084 893 1129 eum
913 1084 989 1129 esse
1013 1062 1177 1152 potuisse,
1200 1062 1299 1151 cujus
1319 1065 1416 1153 inge-

297 1171 355 1237 nio
372 1190 516 1236 romana
531 1168 731 1258 eloquentia
751 1167 793 1235 ad
814 1189 993 1235 summum
1010 1170 1108 1258 quasi
1135 1169 1315 1259 fastigium
1341 1194 1417 1261 per·

299 1278 442 1355 veniret,
461 1277 621 1366 idipsum
632 1298 695 1344 nos
707 1274 882 1357 admonet,
896 1283 935 1342 ut
948 1297 1042 1342 nunc
1058 1297 1321 1366 persequamur,
1334 1276 1417 1367 quid

300 1384 522 1474 potissimum
551 1405 613 1473 per
640 1384 732 1472 ipsas
759 1380 834 1471 ejus
867 1383 1041 1451 orationes
1066 1384 1192 1451 rationi
1218 1383 1260 1451 ab
1280 1385 1355 1473 ipso
1371 1386 1419 1452 ita

300 1492 475 1582 expositae
489 1488 698 1579 respondere
713 1488 884 1557 videatur.

344 1598 387 1665 Et
400 1598 554 1686 primum
573 1598 632 1664 vix
646 1618 786 1665 necesse
800 1602 851 1663 est
862 1618 1134 1665 commemorare
1151 1652 1158 1677 ‚
1181 1598 1217 1663 in
1232 1599 1294 1683 eis,
1330 1621 1419 1688 quae

298 1704 731 1794 inquisiturisumus,eam
748 1702 991 1793 philosophiae
1015 1710 1149 1792 partem
1165 1706 1419 1795 maximespec-

300 1813 377 1892 tari,
400 1832 506 1901 quam
519 1834 539 1877 a
554 1808 688 1877 duabus
703 1810 780 1877 aliis
795 1811 831 1875 in
852 1810 965 1899 primo
985 1809 1025 1876 de
1042 1812 1182 1877 Oratore
1194 1812 1282 1878 libro
1302 1813 1350 1878 ita
1365 1836 1419 1880 se-

301 1923 458 2008 paratam
480 1916 815 2005 vidimus,tanquam
832 1916 887 1984 vel
903 1917 1086 2005 praecipue
1104 1916 1155 1983 vel
1173 1918 1274 1984 unice
1288 1920 1418 1985 oratori

304 2054 318 2087 a
347 2023 609 2115 perdiscendam
633 2051 648 2084 u
668 2023 728 2112 (2).
747 2023 835 2089 Nam
856 2022 1056 2090 dialecticae
1080 2024 1338 2112 cognoscendae
1354 2026 1420 2091 uti-

301 2132 392 2213 litas,
408 2153 513 2221 quam
529 2152 549 2197 a
571 2128 734 2197 Cicerone
747 2135 866 2218 postea
885 2128 1082 2219 adjunctam
1103 2152 1179 2197 esse
1205 2130 1356 2197 diximus
1373 2130 1420 2220 (3)

302 2242 424 2327 (neque
454 2260 536 2305 vero
569 2258 639 2303 non
668 2235 923 2304 studiosissime
963 2236 1001 2303 in
1038 2235 1102 2304 hac
1139 2236 1331 2304 disserendi
1347 2244 1420 2304 arte

303 2344 474 2412 exercitus
492 2344 566 2433 ipse
580 2342 750 2409 adcausas
766 2342 928 2409 dicendas
945 2343 1149 2433 accesserat)
1176 2343 1238 2433 (1),
1269 2367 1309 2412 ea
1341 2367 1420 2433 pro·

302 2453 391 2520 lecto
406 2457 491 2532 crat,
509 2472 597 2539 quae
611 2472 630 2516 a
649 2448 850 2539 disputandi
866 2451 1038 2539 angustiis
1050 2449 1093 2517 ad
1107 2478 1123 2512 «
1135 2448 1313 2517 dilatatam
1333 2453 1382 2539 (6)
1404 2480 1419 2513 »

303 2558 498 2626 orationem
524 2556 572 2622 ita
596 2554 775 2623 dumtaxat
801 2556 1061 2637 transterretur,
1101 2566 1139 2623 ut
1168 2580 1227 2643 per
1255 2558 1422 2625 orationis

303 2662 456 2730 membra
470 2662 568 2751 quasi
581 2661 713 2729 suffusa
725 2661 982 2745 involveretur3
1000 2670 1103 2752 atque
1121 2663 1284 2730 similiter
1295 2664 1366 2731 lere
1381 2664 1423 2733 de

304 2770 530 2860 physicorum
545 2768 740 2856 cognitione
747 2768 977 2856 judicandum
991 2779 1053 2852 est,
1079 2770 1107 2835 si
1131 2770 1272 2859 quidem
1305 2778 1424 2838 noster

302 2862 422 2944 auctor
435 2882 527 2943 recte
541 2873 758 2962 admonebat,
768 2874 810 2941 ab
826 2898 865 2943 ea
881 2881 1056 2943 oratorem
1070 2876 1104 2943 id
1130 2878 1283 2944 maxime
1301 2900 1423 2967 sump-

305 2992 425 3050 turum
445 3005 533 3065 esse,
551 2988 588 3048 ut
612 3009 627 3043 r
650 2982 820 3049 excelsius
836 2982 1188 3072 magnificentiusque
1201 2990 1234 3049 et
1250 2983 1424 3051 diceretet

304 3081 447 3158 sentiret
460 3088 504 3180 (6)
522 3116 550 3155 u.
572 3087 626 3154 Ad
645 3089 786 3156 tertiam
799 3110 879 3156 vero
896 3087 1139 3178 philosophiae
1165 3095 1310 3178 partem,
1334 3112 1423 3179 quae

306 3197 347 3264 ad
377 3198 577 3265 universam
616 3194 702 3262 bene
717 3194 859 3263 vivendi
873 3196 1044 3263 rationem
1064 3197 1249 3285 spectabat,
1271 3198 1423 3264 maxime

307 3305 480 3394 pertinere
493 3326 551 3371 eos
567 3302 654 3369 locos
668 3303 891 3391 perspicuum
918 3309 981 3386 est,
1004 3325 1153 3392 quorum
1183 3305 1423 3371 tractationem

306 3434 325 3479 a
345 3410 563 3505 philosophis
578 3410 706 3477 oratori
728 3409 953 3499 repetendam
980 3434 1055 3479 esse
1075 3410 1119 3479 M.
1137 3410 1272 3478 Tullius
1295 3410 1424 3478 intelli-

306 3525 427 3607 geret:
450 3519 510 3608 qui
548 3538 652 3606 quam
686 3538 787 3605 saepe
814 3518 848 3582 in
871 3517 1015 3585 dicendo
1044 3517 1249 3602 inciderent,
1277 3516 1350 3606 ipse
1366 3539 1424 3584 eos

307 3624 544 3693 enumerando
556 3622 781 3713 indicavit(7)
803 3648 811 3707 ς
832 3646 938 3713 quam
965 3630 1082 3692 autem
1107 3626 1174 3692 late
1209 3624 1292 3692 haec
1312 3624 1425 3714 philo·

201 3820 202 3823 ,
307 3730 451 3824 sophiae
465 3753 544 3821 pars
566 3737 710 3821 pateret,
732 3736 970 3821 quantamque
984 3754 1102 3799 rerum
1112 3731 1316 3800 varietatem
1336 3732 1372 3797 in
1389 3753 1425 3798 se

306 3838 606 3929 complecteretur,
623 3838 739 3927 ipsum
760 3837 863 3904 etiam
881 3838 1082 3907 Ciceronem
1111 3843 1232 3906 testem
1260 3837 1425 3905 adhihere

309 3967 507 4035 possumus,
535 3945 596 4034 qui
622 3950 655 4011 et
687 3946 724 4010 in
748 3944 797 4011 eis
819 3944 931 4025 libris,
954 3967 1040 4035 quos
1057 3945 1097 4011 de
1124 3943 1257 4035 Officiis
1272 3945 1423 4034 scripsit,

340 4142 372 4205 (1)
384 4142 462 4191 Anno
473 4143 519 4191 dt't
535 4140 582 4203 (Cl.
597 4140 684 4198 Brut,
697 4141 750 4204 313)
781 4142 893 4191 Athenis
910 4143 1020 4206 quidem
1039 4147 1103 4194 tunc
1119 4147 1146 4194 et
1158 4145 1270 4194 honoris
1285 4148 1312 4196 et
1334 4147 1428 4196 amici·

309 4214 362 4264 tiae
381 4226 463 4263 causa
488 4211 640 4263 Phaedrum
662 4213 835 4275 Epicureum,
860 4228 942 4276 quem
966 4218 1028 4265 ante
1052 4217 1153 4265 Romae
1182 4216 1312 4276 audierat,
1331 4231 1425 4267 rursus

309 4286 381 4336 adiit.

340 4354 375 4421 (1)
385 4360 422 4407 De
440 4358 496 4417 On,
512 4357 587 4414 1,69.
601 4354 681 4404 -61,
698 4368 786 4420 supra,
803 4359 926 4406 nostram
939 4364 1008 4421 part.
1021 4359 1040 4417 1,
1055 4373 1080 4422 p.
1093 4360 1179 4408 19-20.

341 4430 373 4492 (3)
390 4430 427 4481 Gt.
443 4443 524 4493 supra
540 4427 662 4475 nostram
677 4431 747 4491 part.
763 4430 783 4487 t,
797 4444 823 4492 p.
840 4430 877 4477 21.

342 4500 375 4563 (1)
389 4500 426 4551 of.
443 4502 563 4555 Brutum,
581 4496 633 4544 309.
648 4497 694 4559 (Gi.
712 4513 801 4562 supra,
816 4513 841 4561 p.
853 4502 891 4558 62,
906 4514 932 4549 n.
947 4501 980 4563 6.)

324 4614 327 4619 .
342 4571 373 4635 (5)
387 4574 422 4622 Ut
437 4572 535 4622 dicitur
549 4570 578 4619 in
588 4568 680 4629 Bruto,
698 4571 809 4630 309301,
828 4572 863 4619 De
876 4570 975 4630 renea,
991 4573 1023 4630 ll,
1040 4575 1077 4623 tr.

343 4644 377 4705 (6)
392 4642 498 4703 Orator,
511 4642 555 4691 119
572 4637 619 4702 (Gi.
633 4653 714 4705 supra
727 4645 848 4691 nostram
863 4644 931 4707 part.
948 4644 968 4700 1,
982 4657 1009 4705 p.
1024 4645 1063 4693 tt.
1227 4666 1229 4671 ·

343 4714 375 4777 (1)
393 4716 428 4765 tte
440 4715 523 4775 Orat,
535 4714 556 4775 l,
572 4714 611 4770 56,
624 4712 661 4771 61,
672 4716 720 4776 86;
737 4714 769 4773 lt,
786 4716 814 4763 tt
826 4729 833 4775 ς
845 4714 889 4765 Or.
907 4715 945 4773 16,
961 4716 1004 4764 113
1019 4716 1069 4778 [Cf.
1082 4729 1172 4779 supra,
1188 4730 1215 4779 p.
1232 4717 1270 4780 11)

1325 4820 1341 4872 6
