3742 5167
800 567 974 633 ..19-

330 728 495 819 adspersa
508 736 611 819 atque
623 729 785 799 distincta
799 732 991 799 multarum
1005 753 1120 799 rerum
1130 730 1287 821 jucunda
1298 731 1450 822 quadam

332 838 510 921 varietate,
546 836 624 905 boni
658 840 806 905 oratoris
832 860 907 906 esse
941 838 1059 905 multa·
1088 836 1232 905 auribus
1261 839 1448 928 accepisse,

332 942 443 1009 multa
458 944 598 1017 vidisse,
627 943 737 1011 multa
766 945 883 1011 animo
910 950 944 1012 et
963 945 1181 1035 cogitatione,
1202 945 1314 1012 multa
1342 946 1449 1012 etiam

332 1049 479 1139 legendo
500 1051 771 1139 percucurrisse,
797 1074 906 1141 aeque
930 1069 971 1118 ea
988 1064 1026 1117 ut
1043 1074 1104 1117 saa
1115 1051 1317 1141 possedisse,
1335 1054 1395 1119 sed
1410 1063 1450 1117 at

333 1157 444 1225 aliena
462 1157 582 1227 libasse
602 1159 650 1246 (l)
667 1186 696 1224 ».

873 1531 910 1585 111

379 1796 457 1863 lam
481 1819 565 1864 vero
595 1819 637 1864 ex
667 1818 707 1863 eo
734 1797 823 1885 ipso,
842 1797 934 1887 quod
963 1798 1108 1865 Crassus
1138 1801 1173 1866 in
1201 1802 1264 1881 eis,
1293 1824 1381 1891 quae
1410 1802 1452 1869 de

335 1903 575 1993 cognoscenda
602 1903 825 1993 philosophia
852 1902 1003 1989 disserit,
1025 1904 1066 1971 de
1094 1928 1223 1972 samma
1252 1914 1388 1975 oratore
1416 1932 1452 1975 se

335 2012 431 2102 ioqui
449 2033 518 2079 non
541 2011 646 2079 semel
665 2012 851 2101 significat,
869 2012 1018 2100 perspici
1039 2014 1163 2102 potuit,
1188 2011 1277 2080 hanc
1298 2014 1452 2103 philoso-

336 2118 438 2209 phiae
458 2118 796 2187 commendationem
813 2116 854 2185 ad
880 2117 1038 2185 eamdem
1066 2117 1237 2185 rationem
1265 2121 1451 2209 pertinere,

336 2222 503 2313 adquam
525 2223 644 2291 Cicero
671 2224 804 2313 aliquot
829 2230 905 2314 post
926 2224 1028 2290 annis
1048 2245 1129 2290 eum
1153 2222 1284 2291 librum
1311 2248 1452 2315 compo-

241 2375 245 2379 -
337 2331 419 2415 suit,
443 2353 545 2419 quem
562 2332 740 2399 Oratorem
756 2330 947 2418 inscripsit.
965 2330 1007 2396 Et
1030 2329 1066 2395 in
1091 2328 1155 2397 hoc
1178 2329 1319 2421 quidem
1347 2332 1450 2414 libra,

336 2443 375 2503 ut
395 2436 514 2504 Cicero
530 2438 723 2527 profitetur,
742 2459 778 2503 se
801 2458 979 2503 summum
998 2444 1032 2503 et
1056 2437 1249 2526 perfectum
1265 2446 1451 2524 oratorem,

339 2572 354 2605 ι(
377 2543 490 2633 qualis
513 2545 660 2613 fortasse
683 2565 786 2611 nemo
814 2543 919 2610 fuerit
945 2541 993 2633 (2)
1013 2570 1042 2624 a,
1060 2566 1227 2633 quaerere
1250 2551 1284 2611 11
1312 2547 1452 2629 intueri,

337 2672 488 2740 eumque
517 2651 616 2740 quasi
653 2672 695 2716 ex
727 2671 767 2716 ea
808 2649 933 2715 ultima
963 2651 1103 2738 specie,
1139 2674 1243 2739 quam
1265 2653 1363 2720 Plato
1382 2668 1453 2723 ἰδέαν

337 2758 539 2841 vocavisset,
561 2755 756 2824 describere
777 2753 881 2845 (quod
902 2753 994 2823 idem
1016 2759 1131 2823 minus
1159 2758 1344 2825 reconditis
1372 2782 1453 2826 sane

337 2864 453 2932 verbis
466 2863 629 2931 Crassum
641 2886 745 2930 suum
765 2862 830 2929 sibi
842 2870 1091 2951 proponentem
1103 2865 1257 2951 fecerat),
1323 2866 1370 2931 111
1385 2873 1454 2932 stau

337 2972 415 3051 tuit,
435 2999 449 3031 a
464 2972 539 3037 sine
553 2970 772 3059 philosophia
788 2991 857 3035 non
873 2991 973 3057 posse
991 2969 1081 3036 effici
1101 2993 1206 3059 quem
1226 2978 1370 3060 quaerat
1386 2972 1454 3039 elo-

337 3085 503 3168 quentem
518 3077 562 3167 (3)
583 3106 597 3138 »
617 3100 624 3159 ;
643 3075 735 3167 quod
750 3083 867 3143 antem
887 3074 1017 3165 adjicit,
1035 3103 1050 3135 «
1068 3099 1134 3142 non
1161 3086 1198 3142 ut
1219 3078 1253 3143 in
1274 3100 1314 3143 ea
1339 3084 1454 3145 tamen

338 3185 455 3251 omnia
475 3184 555 3265 sint,
573 3182 633 3251 sed
652 3189 690 3250 ut
711 3184 759 3250 sic
779 3182 919 3270 adjuvet
941 3188 979 3248 ut
995 3182 1166 3270 palaestra
1189 3183 1396 3251 histrionem
1419 3209 1451 3269 »,

338 3290 503 3358 Crassum
519 3289 702 3358 induxerat
716 3290 876 3357 similiter
891 3289 1134 3378 explicantem,
1153 3298 1323 3379 quatenus
1339 3296 1455 3357 orator

338 3420 412 3465 sese
429 3397 669 3487 philosophiae
690 3394 826 3462 tradere
851 3394 1001 3463 deberet.
1025 3394 1092 3461 Sed
1107 3395 1247 3485 quidem
1266 3425 1281 3458 u
1300 3396 1454 3487 philoso-

339 3503 459 3593 phiam
478 3532 508 3588 »,
523 3525 629 3594 quam
645 3503 773 3569 oratori
790 3503 837 3569 ita
853 3501 1024 3591 adjungit,
1040 3502 1161 3570 latiore
1177 3526 1282 3571 sensu
1297 3526 1455 3593 compre-

340 3609 489 3676 hendere
506 3610 542 3675 in
554 3607 694 3675 Oratore
710 3608 856 3676 videtur.
874 3608 958 3675 Illae
974 3608 1067 3674 enim
1088 3607 1176 3675 duae
1188 3612 1352 3691 rationes,
1368 3633 1455 3699 quas

339 3738 356 3783 e
382 3715 481 3783 libris
510 3716 552 3783 de
584 3718 726 3783 Oratore
746 3716 924 3804 inscriptis
954 3713 995 3780 de
1026 3714 1266 3805 philosophiae
1300 3717 1454 3784 utilitate

340 3825 476 3913 excerpi
513 3846 614 3913 posse
645 3821 813 3906 vidimuS,
846 3821 888 3888 ad
918 3843 994 3887 eam
1030 3822 1181 3889 maxime
1213 3822 1454 3912 philosophiae

341 3936 474 4020 partem
500 3926 777 4019 cognoscendam
793 3926 1005 4016 spectabant,
1018 3948 1106 4016 quae
1122 3927 1250 3994 Graece
1261 3944 1343 4013 ἠθικὴ
1366 3925 1455 3993 dice-

341 4036 454 4120 batur,
472 4037 514 4104 ab
543 4037 619 4126 ipso
640 4033 804 4101 Cicerone
830 4060 845 4094 a
875 4031 1018 4098 moralis
1048 4059 1064 4091 »
1094 4031 1268 4121 appellata
1301 4038 1354 4098 est
1379 4032 1454 4122 (l):

285 4226 286 4229 Ἴ
341 4142 431 4233 quod
459 4142 600 4234 quidem
626 4143 770 4208 Crassus
801 4139 901 4228 plane
933 4136 1119 4219 indicabat,
1148 4137 1335 4205 dameam
1356 4178 1399 4188 -
1419 4149 1458 4205 ut

341 4250 452 4317 solam
474 4249 773 4339 «perdiscendam
795 4275 810 4309 a
834 4288 875 4297 -
897 4246 940 4313 ab
961 4247 1039 4313 aliis
1067 4246 1172 4313 rebus
1201 4254 1353 4333 separat,
1370 4267 1457 4335 quas

341 4356 384 4423 ab
396 4363 544 4442 oratore,
557 4354 799 4424 tantummodo
824 4356 853 4421 si
869 4354 910 4421 de
926 4353 981 4420 his
998 4352 1084 4443 ipsis
1096 4350 1199 4417 rebus
1214 4351 1259 4417 sit
1284 4352 1315 4418 ei
1343 4351 1459 4419 dicen·

374 4558 406 4620 (1)
422 4558 442 4618 1,
457 4558 515 4608 218.

373 4630 407 4691 12)
417 4631 443 4678 11
458 4630 491 4691 131
509 4628 615 4687 Orat.‚'l
631 4630 658 4679 et
668 4630 705 4677 11.

374 4698 406 4760 lt)
425 4698 463 4748 Cl.
480 4698 517 4747 De
530 4697 606 4757 Fato,
624 4700 646 4747 1.
