3742 5167
1842 581 2193 647 -98-

907 750 1277 817 nonnullas
1323 748 1848 815 honestissimas
1888 746 2172 835 Epicuri
2216 743 2595 811 sententias
2622 741 2950 829 objiceret
2994 741 3087 831 (1)
3127 764 3143 825 ς

903 869 1109 947 atque
1167 856 1497 925 inferiore
1575 855 1723 921 loco
1774 854 1867 943 (2)
1925 858 2247 920 nostrum
2313 849 2667 931 audimuS,
2731 854 2797 915 et
2884 848 2966 915 de
3021 848 3141 915 illo

907 997 931 1025 [t
967 965 1224 1033 Graeco
1270 990 1300 1024 »
1368 962 1640 1028 Pisonis
1716 962 2045 1049 magistro
2107 958 2187 1047 (α
2234 958 2574 1025 Graecum
2609 980 2640 1021 ιο
2704 954 2904 1040 dicit,
2966 977 3139 1023 non-

903 1073 1047 1161 jam
1081 1100 1109 1132 «
1155 1069 1575 1138 Graeculum
1618 1095 1680 1152 ι»,
1710 1067 1889 1133 sicut
1913 1066 1995 1133 de
2046 1065 2290 1132 eodem
2345 1065 2415 1129 in
2449 1064 2761 1130 oratione
2782 1075 2942 1151 post
2974 1061 3152 1129 redi-

915 1193 1053 1245 tum
1089 1175 1420 1259 dicebat,)
1449 1180 1525 1241 ut
1564 1173 1647 1240 de
1689 1199 1718 1234 a
1754 1172 2116 1259 ingenioso
2148 1169 2429 1237 homine
2474 1174 2682 1255 atque
2719 1167 3047 1235 erudito»
3087 1173 3154 1235 et

915 1317 943 1349 u
987 1286 1289 1353 humano
1336 1312 1362 1341 »
1409 1282 1620 1348 etiam
1647 1281 2074 1369 loquentem,
2101 1303 2202 1326 ¹——
2243 1278 2356 1343 cui
2388 1277 2626 1365 generi
2695 1298 2767 1342 se
2806 1298 2958 1342 esse
3013 1275 3150 1341 ira-

915 1401 1086 1471 tum,
1120 1413 1203 1457 ne
1257 1389 1312 1455 si
1373 1393 1655 1476 cuperet
1697 1383 2005 1475 quidem,
2072 1406 2268 1473 posse
2320 1388 2548 1473 negat,
2612 1423 2690 1431 —
2752 1389 2817 1449 et
2865 1381 2949 1449 de
3001 1382 3152 1471 ipsa

911 1497 1220 1565 ductrina
1260 1494 1427 1562 haec
1478 1492 2037 1559 moderatissima
2076 1496 2283 1579 atque
2346 1479 2930 1580 temperatissima
2987 1489 3150 1571 affe-

919 1612 1184 1673 rentem
1220 1625 1234 1671 t

991 1794 1016 1821 «
1060 1770 1324 1826 Audistis
1355 1768 1626 1840 profecto
1658 1766 1774 1821 dici
1796 1764 2189 1837 philosophos
2219 1762 2540 1834 Epicureos
2592 1776 2805 1815 omnes
2843 1775 2960 1824 reS,
2995 1774 3145 1829 quae

911 1861 1032 1916 sint
1059 1860 1286 1915 homini
1323 1856 1714 1929 expetendae,
1743 1854 2051 1925 voluptate
2083 1851 2313 1918 metiri;
2359 1855 2600 1905 rectene
2633 1850 2707 1904 ad
2736 1863 2937 1914 secuS,
2994 1847 3143 1902 nihil

915 1953 987 2005 ad
1018 1966 1146 2016 noS,
1190 1953 1311 2018 aut,
1351 1948 1399 2002 si
1440 1947 1515 2002 ad
1554 1963 1684 2014 nOS,
1718 1944 1867 2000 nihil
1895 1945 1968 1999 ad
1998 1944 2113 1998 hoc
2154 1946 2423 2012 tempus;
2457 1940 2568 2000 sed.
2605 1944 2802 1993 tamen
2851 1936 3149 1992 lubricum

915 2057 1101 2113 genus
1144 2038 1430 2093 orationis
1478 2035 1846 2091 adulescenti
1878 2050 1998 2089 non
2026 2034 2245 2088 acriter
2274 2028 2630 2101 intelligenti
2660 2032 2718 2083 et
2756 2042 2932 2097 saepe
2974 2042 3149 2097 prae-

915 2146 1072 2199 ceps
1112 2146 1140 2181 ι

1004 2293 1159 2382 Ipsa
1197 2292 1356 2359 talis
1395 2291 1862 2359 conclusionis
1897 2291 2071 2357 ratio
2136 2288 2499 2378 aptissime
2552 2284 2866 2353 adhiberi
2924 2289 3149 2374 potest

915 2401 996 2465 ad
1024 2421 1177 2466 eam
1208 2400 1580 2487 ancipitem
1636 2399 2080 2479 sententiam,
2115 2399 2188 2463 in
2215 2418 2354 2485 qua
2386 2398 2470 2459 Nl.
2501 2392 2775 2460 Tullius
2810 2399 2887 2458 ut
2918 2389 3148 2480 philo-

915 2507 1178 2595 sophus
1229 2528 1515 2573 versans
1580 2527 1768 2571 nunc
1831 2511 2114 2594 propter
2190 2533 2217 2563 «
2280 2522 2637 2568 summum
2688 2498 3025 2565 bonum»
3078 2498 3150 2562 in

919 2613 1268 2702 voluptate
1329 2614 1628 2702 positum
1704 2612 1993 2701 Epicuri
2040 2611 2485 2700 disciplinam
2537 2615 2816 2695 turpem
2851 2603 3155 2694 philoso-

919 2721 1192 2810 phoque
1222 2718 1868 2808 indignamjudicat
1921 2726 2129 2808 atque
2173 2717 2484 2807 ejusdem
2519 2713 2843 2780 honestas
2875 2718 3150 2778 senten-

919 2829 1042 2893 tias
1118 2824 1562 2916 rationesque
1630 2826 1977 2893 virtutum
2053 2828 2674 2897 commendatrices
2752 2851 2875 2919 pro
2936 2828 3153 2895 nihilo

915 2933 1165 3001 ducere
1196 2933 1496 3018 videtur,
1543 2940 1909 3022 propterea
1946 2932 2157 3023 quod,
2203 2935 2323 3022 qui
2354 2937 2786 3026 voluptatem
2825 2937 2894 3002 in
2924 2936 3153 3024 prima

915 3041 1514 3109 commendatione
1557 3041 1893 3129 posuerit,
1924 3042 1986 3106 ei
2016 3062 2157 3106 non
2192 3042 2282 3107 sit
2310 3049 2855 3108 consentaneum
2905 3039 3153 3108 deinde

919 3170 1192 3237 negare,
1243 3172 1442 3237 posse
1492 3170 1943 3237 quemquam,
1988 3148 2108 3235 qui
2130 3147 2415 3215 honeste
2436 3171 2576 3215 non
2609 3150 2821 3230 vivat,
2847 3148 3154 3236 jucunde

919 3257 1150 3322 vivere
1197 3253 1320 3344 (3),
1389 3294 1476 3303 -—
1538 3276 1721 3321 nunc
1761 3260 2000 3320 contra
2041 3254 2274 3321 minus
2312 3276 2558 3321 curare
2607 3254 2909 3335 videtur,
2952 3277 3165 3336 num,-

919 3383 1092 3449 quae
1133 3361 1477 3449 Epicurus
1514 3361 1797 3428 honeste
1827 3382 1907 3427 ac
1941 3361 2290 3448 praeclare
2320 3361 2598 3443 dixerit,
2642 3385 2721 3429 ea
2760 3367 3155 3429 constanter

919 3466 1050 3533 sibi
1088 3468 1721 3550 convenienterque
1763 3466 1990 3534 dicere
2040 3469 2366 3556 potuerit,
2434 3491 2738 3558 eumque
2790 3498 2820 3529 «
2893 3469 2959 3533 in
2995 3466 3154 3558 phi-

915 3577 1364 3663 losophorum
1395 3581 1689 3641 chorum
1741 3574 1842 3663 (4)
1883 3602 1914 3636 »
1956 3583 2313 3664 aggregat,
2365 3583 2701 3665 tauquam
2753 3576 2883 3644 hoc
2924 3576 3153 3642 omnis

915 3703 1117 3749 verae
1137 3680 1613 3770 philosophiae
1646 3682 2008 3769 proprium
2041 3683 2364 3769 quamvis
2396 3684 2892 3763 inconstanter,
2916 3690 3147 3750 tamen

915 3788 1268 3855 voluntate
1293 3794 1669 3870 tenentem,
1709 3816 1737 3849 «
1763 3810 2039 3876 semper
2071 3787 2349 3855 beatum
2380 3812 2531 3857 esse
2559 3790 2948 3876 sapientem
2976 3817 3007 3849 »
3029 3788 3145 3875 (5).

983 4018 1044 4080 tl)
1075 4017 1138 4065 In
1168 4018 1294 4072 Pis„
1327 4020 1385 4065 42
1411 4016 1548 4079 (loco
1585 4028 1746 4080 supra
1769 4015 1981 4078 relato).

983 4090 1047 4151 152)
1077 4090 1140 4137 In
1170 4090 1298 4148 Pis„
1327 4091 1385 4137 68
1410 4103 1528 4151 sqq.

979 4162 1040 4222 ι[3)
1074 4159 1148 4210 Cf.
1200 4161 1362 4223 hujus
1417 4159 1716 4209 sententiae
1785 4159 2203 4222 explicationem
2260 4159 2318 4207 in
2368 4158 2504 4207 libro
2548 4159 2593 4207 ll
2626 4159 2702 4206 De
2749 4158 2944 4216 Finih„
2989 4161 3037 4208 et
3089 4160 3147 4207 in

923 4231 1128 4281 T'isscul.
1159 4232 1218 4291 V,
1247 4235 1322 4281 26.
1348 4233 1606 4295 Epicurus
1631 4232 1775 4281 enim
1797 4231 1848 4280 id
1877 4245 2093 4293 negare,
2119 4229 2212 4279 sed
2238 4250 2260 4273 «
2280 4244 2392 4279 non
2417 4230 2680 4289 laborare,
2700 4244 2865 4293 quam
2892 4229 2998 4279 sibi
3020 4244 3151 4279 con-

919 4304 1124 4350 stanter
1152 4304 1643 4365 convenienterque
1674 4302 1819 4351 dicat
1849 4320 1893 4359 »,
1922 4301 2221 4350 aCicerone
2252 4300 2465 4349 dicitur.

983 4375 1043 4434 !4)
1074 4373 1147 4422 De
1176 4373 1263 4422 his
1292 4373 1471 4422 verbis
1503 4373 1571 4423 cf.
1607 4374 1683 4421 De
1710 4373 1903 4432 Pinio„
1935 4373 1999 4431 Il,
2025 4374 2101 4420 26.

983 4446 1047 4502 55)
1080 4444 1154 4493 Cf.
1184 4445 1393 4493 Tuscul.
1431 4446 1492 4504 V,
1520 4445 1577 4492 83
1609 4459 1725 4507 sqq.
1761 4444 2099 4507 (praesertim
2128 4446 2231 4503 110,
2268 4444 2516 4505 119-120),
2540 4443 2635 4492 uhi
2674 4444 2807 4492 haec
2857 4443 3154 4493 Carneadia

919 4518 1184 4565 sententia
1218 4517 1530 4580 explicatur,
1570 4534 1592 4561 «
1630 4530 2000 4579 quaecumque
2054 4515 2497 4564 dissentientium
2546 4515 2995 4578 philosophorum
3032 4529 3154 4565 sen-

919 4587 1085 4637 tentia
1115 4589 1187 4637 sit
1235 4588 1297 4636 de
1348 4588 1568 4647 finibus,
1613 4592 1856 4637 tamen...
1905 4589 2007 4636 hoc
2053 4586 2392 4650 praeclarum
2441 4588 2598 4648 quasi
2646 4586 2924 4636 decretum
2956 4586 3150 4636 beatae

919 4661 1056 4708 ritae
1083 4661 1317 4723 (semper
1366 4661 1586 4710 beatum
1611 4674 1728 4709 esse
1759 4660 2079 4723 sapientem)
2124 4672 2284 4722 posse
2317 4657 2569 4710 omnium
2595 4658 2879 4708 sententiis
2908 4660 2963 4707 et
2990 4657 3153 4707 disci-

919 4729 1081 4793 plinis
1112 4733 1399 4781 convenire
1433 4752 1475 4781 ».
1508 4759 1567 4768 -
1607 4732 1692 4782 Sic
1721 4733 1779 4780 in
1813 4746 1877 4780 ea
1933 4731 2195 4789 oratione,
2243 4744 2407 4793 quam
2446 4745 2542 4794 pro
2599 4744 2723 4794 rege
2777 4730 3025 4792 Dejotaro
3086 4728 3152 4779 ad
