3742 5167
1574 605 1922 671 ...99-

638 812 721 822 —-
765 771 1207 860 Quanquam,
1239 793 1413 861 quos
1457 798 1485 831 «
1523 769 1737 838 bonos
1766 770 1958 838 viros
1995 797 2025 831 »
2070 768 2165 858 (1)
2195 768 2278 836 ad
2339 769 2647 859 privatae
2688 770 2873 838 vitae

641 879 978 945 rationem
1019 900 1168 945 esse
1215 900 1354 945 non
1382 876 1705 967 negabat,
1732 876 2011 944 eosdem
2031 882 2365 964 tanquam
2391 899 2431 943 a
2454 878 2875 966 capessenda

640 984 996 1074 republica
1043 1007 1249 1051 suum
1294 1013 1326 1047 «
1362 985 1749 1074 sapientem
1794 1012 1825 1045 n
1874 983 1959 1050 ad
2003 1014 2030 1043 «
2091 984 2386 1051 otiosam
2425 985 2639 1051 vitam
2698 986 2800 1075 (2)
2838 1013 2867 1044 »

639 1097 1005 1159 avocantes
1035 1097 1111 1159 ut
1135 1092 1242 1158 vir
1263 1092 1490 1160 civilis
1507 1090 1798 1180 probare
1823 1091 2109 1157 omnino
2138 1112 2271 1157 non
2301 1096 2567 1180 poterat
2605 1113 2617 1157 :
2662 1113 2874 1180 quam

638 1199 863 1288 ipsam
897 1196 984 1264 ob
1023 1220 1305 1265 causam
1346 1221 1469 1289 per
1509 1198 1832 1266 Crassum
1883 1220 2093 1265 suum
2133 1197 2205 1264 in
2246 1198 2548 1265 secundo
2581 1197 2664 1263 de
2709 1199 2875 1265 Ora-

642 1318 780 1373 tore
809 1305 989 1372 libro
1020 1312 1475 1395 quaerentem
1509 1333 1540 1368 «
1571 1327 1712 1374 non
1744 1328 1921 1395 quae
1962 1311 2142 1373 esset
2173 1304 2614 1394 philosophia
2653 1306 2873 1372 veris-

642 1413 841 1494 sima,
905 1410 1024 1479 sed
1089 1407 1267 1499 quae
1315 1413 1570 1480 oratori
1626 1412 1997 1502 conjuncta
2036 1412 2337 1479 maxime
2378 1440 2436 1493 »,
2472 1433 2589 1479 eos
2634 1453 2712 1461 —
2744 1413 2873 1480 etsi

646 1548 676 1581 «
709 1521 856 1586 sine
877 1520 1023 1586 ulla
1043 1520 1468 1587 contumelia
1507 1549 1532 1581 n
1576 1560 1654 1568 —
1681 1518 2071 1587 dimittebat
2128 1519 2239 1607 (3).
2302 1519 2443 1587 Nec
2473 1542 2638 1588 vero
2685 1518 2877 1587 vide-

643 1626 804 1693 licet
843 1627 991 1693 sine
1032 1626 1273 1694 eadem
1334 1626 1654 1716 quamvis
1685 1627 1891 1694 tacita
1930 1627 2333 1713 exceptione
2373 1632 2436 1693 et
2477 1627 2549 1693 in
2589 1649 2715 1693 sua
2751 1649 2873 1714 pro

643 1732 894 1800 Archia
920 1733 1233 1802 oratione
1273 1734 1622 1814 AfricanO,
1655 1733 1913 1806 Laelio,
1952 1733 2007 1799 L
2066 1732 2302 1813 Furi0‚
2327 1756 2876 1806 commemoran-

643 1839 746 1907 dis
786 1840 1267 1929 philosophiae
1290 1824 1600 1907 studium
1649 1841 1743 1907 ita
1782 1838 2335 1920 commendabat,
2365 1845 2698 1929 tanquam
2721 1839 2877 1906 doc-

645 1945 868 2013 trinae
919 1947 1466 2014 conformatione
1539 1945 1624 2014 ad
1721 1958 2038 2013 naturam
2112 1946 2440 2013 eximiam
2513 1946 2877 2013 accedente

647 2081 677 2114 «
717 2053 1152 2141 praeclarum
1184 2075 1262 2120 ac
1323 2054 1678 2142 singulare
1710 2078 1742 2119 1>
1779 2052 2113 2144 quiddam
2145 2051 2321 2119 effici
2352 2053 2603 2119 soleret
2633 2053 2755 2142 (4),
2792 2043 2878 2104 '-

647 2165 712 2226 et
742 2160 811 2225 in
843 2160 1200 2249 prooemio
1232 2162 1417 2227 tertii
1457 2162 1536 2226 de
1571 2160 1936 2250 Republica
1967 2160 2128 2226 libri
2173 2159 2267 2249 (5)
2311 2181 2433 2249 per
2472 2160 2876 2227 eorumdem

646 2253 1126 2355 exemplorum
1180 2268 1639 2356 prolationem
1690 2266 2019 2334 similiter
2075 2264 2383 2345 docebat,
2420 2266 2539 2354 qui
2575 2295 2603 2326 «
2640 2266 2725 2333 ad
2756 2266 2874 2333 do·

648 2373 1013 2439 mesticum
1094 2371 1580 2462 majorumque
1645 2396 1910 2441 morem
1969 2373 2180 2440 etiam
2248 2372 2445 2439 illam
2510 2396 2549 2439 a
2598 2371 2879 2440 Socrate

648 2478 1111 2547 adventiciam
1134 2480 1521 2547 doctrinam
1564 2485 1665 2570 (6)
1697 2479 2106 2548 adhiberent
2142 2505 2203 2564 J),
2240 2501 2354 2546 eos
2400 2508 2427 2541 «
2474 2479 2557 2547 ad
2603 2479 2878 2547 laudem

649 2584 882 2650 omnia
910 2592 1316 2653 consecutos
1348 2608 1498 2652 esse
1530 2614 1589 2653 ».
2578 2579 2582 2583 ⁴

1741 2973 1813 3026 IV

741 3226 1052 3315 Cumque
1096 3248 1217 3315 per
1247 3248 1487 3293 earum
1528 3226 1943 3316 opinionum
1992 3225 2526 3306 successionem,
2585 3248 2758 3314 quas
2797 3226 2882 3293 de

653 3333 867 3403 variis
894 3332 1358 3422 philosophiis
1414 3334 1510 3400 sic
1552 3331 1964 3422 proferebat,
2019 3339 2255 3400 noster
2316 3338 2549 3399 orator
2586 3331 2671 3398 ad
2703 3331 2882 3399 hanc

652 3439 972 3506 intimam
1006 3439 1347 3506 rationem
1369 3462 1439 3505 se
1462 3446 1934 3529 componeret,
1956 3445 2030 3506 ut
2058 3462 2335 3506 omnem
2369 3438 2883 3530 philosophiam

651 3547 736 3614 ad
763 3568 842 3613 ea
897 3546 1177 3613 vivendi
1233 3555 1596 3635 praecepta
1657 3569 1981 3614 revocare
2044 3546 2421 3629 videretur,
2481 3569 2657 3636 quae
2712 3547 2882 3635 ipsis

654 3759 935 3807 Caesarem
969 3758 1113 3806 intra
1167 3757 1401 3820 parietes
1448 3756 1656 3814 habuit,
1705 3757 1772 3805 M.
1822 3757 2029 3805 Tullius
2070 3755 2132 3805 de
2184 3756 2478 3805 virtutihus
2512 3768 2646 3818 quas
2672 3756 2731 3804 in
2758 3770 2882 3820 rege

651 3829 908 3880 laudabat
943 3831 1059 3889 (371,
1093 3828 1157 3877 de
1197 3849 1218 3872 «
1252 3828 1627 3891 magnitudine
1663 3829 1848 3887 animi,
1905 3830 2187 3891 gravitate,
2216 3828 2592 3886 constantia»,
2626 3827 2882 3891 loquitur,

653 3905 916 3963 tanquam
942 3917 969 3947 α
999 3901 1131 3949 haec
1156 3914 1335 3948 omnes
1374 3898 1520 3949 docti
1571 3902 1731 3962 atque
1756 3901 2028 3963 sapientes
2056 3913 2281 3957 summa,
2319 3898 2542 3961 quidam
2572 3900 2735 3948 etiam
2768 3900 2885 3949 sola

653 3972 798 4020 bona
818 3985 936 4019 esse
962 3970 1249 4029 dixissent,
1274 3971 1467 4034 hisque
1489 3984 1601 4018 non
1630 3970 1792 4020 modo
1815 3969 1884 4019 ad
1912 3969 2054 4028 bene,
2086 3968 2178 4018 sed
2210 3970 2377 4018 etiam
2418 3969 2482 4019 ad
2514 3970 2668 4019 beate
2698 3971 2884 4020 viven-

653 4042 783 4091 dum
813 4044 1127 4091 contentam
1171 4056 1290 4091 esse
1323 4043 1581 4090 virtutem
1624 4057 1667 4090 ».
1723 4069 1782 4077 —
1814 4041 1963 4090 Hanc
2015 4041 2192 4104 ipsam
2237 4040 2300 4089 de
2348 4042 2563 4090 virtutis
2606 4041 2655 4090 vi
2689 4042 2886 4106 Epicu-

653 4127 802 4162 ream
853 4115 1183 4162 sententiam
1232 4114 1414 4162 Pisoni
1463 4113 1733 4174 objectam
1789 4112 2025 4161 vidimus
2055 4113 2113 4160 in
2143 4112 2261 4160 loco
2312 4126 2473 4175 quem
2511 4114 2770 4177 supra<p.
2809 4115 2885 4175 86)

655 4185 1023 4247 excerpsimus
1051 4198 1112 4233 ex
1146 4198 1225 4233 or.
1259 4185 1313 4231 in
1337 4184 1595 4242 Pisonem,
1620 4187 1702 4233 42.

720 4256 785 4316 (1)
809 4257 881 4302 De
915 4254 1062 4303 Orat.
1087 4254 1177 4311 ΙΙΙ,
1204 4257 1286 4303 64.
1326 4253 1401 4304 Cf.
1426 4254 1502 4302 De
1523 4253 1712 4312 Finib„
1753 4253 1814 4310 ΙΙ,
1851 4255 2017 4302 80-81.

722 4328 786 4388 (2)
814 4326 867 4373 Ρ.
892 4325 1081 4387 Sesti0‚
1113 4328 1172 4374 23

721 4398 784 4460 (3)
821 4398 896 4445 De
937 4397 1082 4446 Orat.
1110 4397 1200 4455 111,
1234 4398 1401 4445 63-64.

721 4469 784 4531 (4)
817 4469 875 4516 P.
904 4466 1116 4525 Archia,
1154 4482 1265 4530 cap.
1296 4470 1323 4516 7
1355 4468 1556 4525 (locum
1587 4481 1748 4533 supra
1772 4467 2063 4528 notatum).

723 4538 788 4601 (5)
820 4540 894 4586 De
918 4537 1135 4601 Republ.
1167 4539 1256 4598 III,
1290 4541 1393 4588 4-6.

721 4611 786 4672 (6)
818 4611 881 4660 Et
897 4608 1117 4673 quidem
1139 4610 1286 4672 ipsos
1313 4611 1642 4673 Epicureos«
1667 4624 1699 4659 a
1716 4610 2058 4674 philosophis
2078 4624 2108 4659 a
2125 4609 2342 4674 Socrate
2364 4613 2417 4660 et
2449 4610 2667 4661 Platone
2688 4610 2892 4675 profec-

659 4682 728 4731 tis
771 4700 793 4727 »
831 4694 1111 4744 segregare
1137 4680 1348 4731 videtur
1377 4682 1435 4730 in
1482 4681 1629 4730 Tusa.
1664 4682 1724 4740 V,
1759 4683 1866 4742 119,
1894 4708 1953 4718 —-—
1991 4682 2083 4731 sed
2112 4681 2180 4730 cf.
2215 4684 2405 4732 contra
2434 4684 2505 4732 De
2538 4681 2626 4731 Ον.
2666 4684 2755 4739 ΙΙΙ,
2788 4686 2847 4730 62
2876 4698 2889 4741 ;
2991 4726 2998 4733 .

658 4753 827 4801 Acad.
857 4753 1030 4816 prior.
1062 4752 1128 4810 11,
1154 4753 1260 4802 131.
