3742 5167
1578 505 1980 571 -115—

637 672 932 763 judicat,
967 677 1342 757 oratorem,
1395 672 1454 739 si
1485 694 1524 739 a
1565 694 1887 739 verarum
1914 660 2285 739 causarum
2324 671 2765 740 contentione
2796 673 2877 737 asi

648 779 859 870 hujus
899 779 1154 846 infiniti
1208 779 1482 867 generis
1540 779 1982 868 quaestiones
2011 777 2404 846 tractandas
2451 777 2878 857 traducatur,

652 914 684 949 «
727 908 869 953 non
903 886 1060 976 plus
1104 886 1591 975 quaesiturum
1639 908 1815 969 esse,
1860 884 2027 975 quid
2065 884 2271 969 dicat,
2323 908 2532 977 quam
2582 885 2878 976 Polyclih

651 998 801 1060 tum
828 993 1057 1074 illum,
1093 1032 1177 1041 —-
1222 1014 1383 1059 cum
1411 992 1779 1060 Herculem
1811 992 2145 1081 fingeret,.
2170 1008 2259 1042 -—'
2294 992 2878 1083 quemadmodum

653 1100 909 1191 pellem
941 1105 1059 1167 aut
1089 1098 1386 1189 hydram
1417 1099 1734 1189 fingeret,
1778 1100 2055 1167 etiamsi
2086 1098 2256 1166 haec
2283 1121 2651 1189 nunquam
2690 1122 2882 1189 sepa-

654 1208 862 1277 ratim
908 1206 1135 1274 facere
1175 1205 1532 1274 didicisset
1575 1234 1604 1269 »
1656 1208 1774 1297 (1).
1828 1208 2006 1275 Nam
2057 1206 2241 1297 quod
2283 1206 2569 1274 Catulus
2609 1206 2722 1273 hic
2775 1205 2878 1273 in-

654 1314 936 1381 ducitur
962 1311 1325 1402 objiciens,
1373 1340 1403 1374 «
1441 1312 1571 1379 sibi
1603 1336 1740 1381 non
1779 1314 2014 1381 minus
2055 1314 2285 1404 operis
2324 1312 2546 1381 videri
2593 1311 2674 1379 de
2732 1313 2882 1379 uni-

654 1421 879 1490 versis
932 1419 1307 1508 generibus
1353 1441 1589 1486 rerum
1644 1442 1857 1510 quam
1910 1421 1994 1488 de
2034 1420 2473 1509 singulorum
2513 1420 2767 1500 causiS,
2810 1443 2886 1485 ar.-

657 1528 879 1595 multo
911 1528 1122 1593 etiam
1164 1524 1391 1615 majus
1425 1525 1504 1594 de
1532 1539 1779 1593 natura
1806 1526 2112 1611 deorum,
2150 1549 2359 1616 quam
2400 1526 2483 1595 de
2515 1526 2878 1593 hominum

657 1633 897 1701 litibus
972 1632 1198 1700 dicere
1275 1633 1372 1723 (2)
1434 1661 1497 1712 »‚
1574 1633 1923 1701 Antonius
1998 1634 2234 1700 statim
2282 1633 2669 1715 confirmat,
2730 1660 2761 1690 «
2818 1633 2886 1697 in

656 1762 1026 1808 causarum
1079 1731 1641 1807 contentionibus
1700 1769 1730 1802 »
1781 1741 2169 1808 maximum
2227 1740 2664 1829 eloquentiae
2715 1762 2890 1828 ορατ-3

659 1870 832 1932 esse,
879 1875 909 1909 «
946 1848 1263 1914 omnium
1319 1852 1710 1914 ceterarum
1751 1870 1988 1916 rerum
2030 1849 2415 1915 orationem
2453 1846 2702 1915 ludum
2743 1868 2890 1913 esen

659 1954 928 2021 homini
982 1976 1121 2021 non
1164 1952 1398 2020 hebeti
1454 1975 1682 2040 neque
1736 1955 2185 2023 inexercitato
2243 1977 2367 2021 nec
2408 1954 2886 2021 communium

658 2062 1053 2129 litterarum
1101 2065 1167 2127 et
1221 2059 1566 2150 politioris
1618 2059 2082 2128 humanitatis
2135 2062 2399 2151 experti
2439 2084 2473 2127 >)
2538 2061 2649 2151 (3).
2694 2100 2781 2109 —
2810 2061 2890 2125 Et

663 2166 834 2234 haec
887 2165 1170 2255 quidem
1225 2167 1666 2255 arrogantius
1707 2167 1913 2253 dicta,
1957 2168 2155 2257 quasi
2196 2166 2281 2235 ad
2330 2168 2555 2257 ipsam
2589 2166 2894 2256 philoso-

665 2273 961 2364 phorum
1020 2280 1368 2340 oratorem
1400 2272 1936 2363 despicientium
1977 2276 2448 2363 arrogantiam
2477 2275 2591 2342 vel
2623 2280 2894 2363 praeter

664 2380 955 2447 modum
999 2380 1478 2462 refellendam,
1533 2380 1772 2448 Cicero
1828 2382 2117 2448 Antonii
2167 2382 2543 2449 temeritati
2576 2380 2672 2471 (4)
2723 2381 2894 2447 asei-

664 2487 918 2577 gnabat
948 2508 964 2555 ε
1001 2486 1119 2554 sed
1147 2486 1363 2553 talem
1396 2488 1737 2554 rationem
1781 2488 2147 2555 subtiliore
2186 2487 2591 2555 definitione
2634 2508 2898 2553 correc-

667 2600 811 2661 tam
843 2593 928 2660 ad
961 2616 1113 2661 eam
1146 2600 1493 2660 certarum
1536 2594 2140 2685 philosophiarum
2173 2594 2642 2674 selectionem,
2689 2616 2894 2683 quam

669 2723 792 2791 per
825 2705 1154 2768 Crassum
1187 2700 1595 2784 introduxit,
1632 2703 1962 2769 inferiore
1988 2702 2137 2769 loco
2167 2701 2738 2770 accommodavit.
2773 2701 2898 2769 Hic.

670 2808 858 2874 enim
901 2807 1213 2886 CrassuS‚
1263 2847 1337 2855 —
1403 2805 1569 2874 dum
1619 2831 1863 2877 rursus
1903 2809 2229 2890 affirmat,
2270 2810 2418 2876 vim
2468 2809 2902 2898 eloquentiae

669 2920 933 2982 tantam
960 2936 1130 2991 esse,
1169 2919 1246 2980 ut
1280 2940 1311 2974 «
1345 2934 1625 2979 omnem
1657 2918 2005 2995 naturam,
2044 2934 2219 3001 quae
2248 2934 2476 2980 mores
2507 2912 2894 2993 hominum,

672 3043 848 3111 quae
908 3022 1203 3103 animos,
1273 3041 1450 3108 quae
1518 3020 1738 3086 vitam
1804 3020 2158 3086 contineat
2230 3047 2289 3099 ›,=,
2369 3017 2898 3107 complectatur,

676 3155 706 3189 «
750 3130 1148 3218 omniaque,
1186 3150 1364 3217 quae
1393 3126 1479 3193 ad
1509 3148 2027 3215 quamcumque
2046 3147 2192 3193 rem
2221 3125 2631 3214 pertineant,
2665 3133 2902 3193 ornate.

672 3234 1087 3324 copioseque
1117 3234 1296 3301 dicat
1338 3232 1428 3323 (ὅ)
1475 3261 1532 3313 »,
1583 3272 1662 3281 --
1696 3238 1902 3320 negat
1943 3254 2015 3298 se
2048 3231 2355 3321 quidem,
2407 3239 2485 3299 ut
2524 3233 2597 3299 in
2630 3231 2762 3299 hoc
2792 3257 2902 3321 ge-

677 3363 840 3408 nere
887 3363 1010 3430 pro
1051 3362 1176 3407 sua
1215 3340 1543 3408 facultate
1585 3345 1652 3406 et
1684 3362 1808 3429 pro
1847 3337 2172 3405 mediocri
2213 3361 2378 3407 sane
2410 3338 2716 3407 doctrina
2755 3361 2906 3408 ver-

744 3596 808 3660 (1)
840 3596 915 3643 De
946 3594 1036 3646 Or.
1068 3595 1134 3655 Il,
1159 3596 1327 3644 69-70.
1349 3594 1504 3644 ——cf.
1535 3595 1594 3643 in
1631 3609 1693 3644 eo
1724 3595 1843 3645 loco
1878 3596 2007 3647 libri
2049 3599 2070 3647 I
2116 3598 2193 3646 De
2221 3598 2528 3647 Inventione
2552 3600 2595 3657 (ἓ
2613 3599 2679 3661 8),
2717 3597 2780 3647 de
2801 3613 2906 3661 qm..

679 3667 916 3717 diximus
949 3680 1111 3729 supra
1141 3665 1209 3729 (p.
1242 3667 1321 3726 46,
1352 3680 1403 3713 n.
1433 3668 1501 3726 4),
1539 3665 1698 3729 longe
1729 3665 1893 3716 aliam
1923 3667 1986 3717 de
2019 3683 2075 3717 re
2106 3668 2294 3718 eadem
2319 3669 2643 3719 sententiam
2677 3684 2688 3719 :
2725 3688 2747 3713 «
2781 3684 2906 3717 naui

680 3740 878 3802 quibus
914 3739 972 3787 in
1021 3738 1182 3787 rebus
1237 3751 1453 3787 summa
1507 3737 1729 3799 ingenia
1778 3739 2227 3801 philosophorum
2274 3739 2509 3803 plurimo
2557 3753 2682 3789 cum
2728 3740 2906 3789 labin-.-

682 3812 1006 3874 consumpta
1052 3810 1439 3872 intellegimuS,
1472 3822 1562 3857 eas
1611 3810 1752 3857 sicut
1784 3808 2001 3873 aliquas
2026 3824 2225 3873 parvas
2250 3824 2333 3859 res
2362 3812 2571 3859 oratori
2621 3810 2910 3859 attribues-{2

680 3895 879 3944 mayna
917 3881 1154 3930 amentia
1196 3881 1406 3929 videtur
1433 3900 1456 3923 ι»
1481 3894 1493 3939 ;
1527 3879 1620 3929 sed
1649 3883 1835 3929 tamen
1865 3880 2381 3940 animadvertamUS,
2414 3882 2581 3943 hujus
2618 3902 2641 3925 «
2666 3882 2910 3930 infiniti-zr-

682 3952 1064 4014 quaestionum
1095 3950 1336 4000 universi
1363 3951 1576 4013 generis
1608 3950 1774 3999 silvae
1803 3964 1834 3999 ))
1860 3952 2017 4014 (quae
2049 3952 2300 4002 universe
2332 3952 2559 4015 «procul
2589 3952 2656 4000 ab
2687 3955 2910 4001 oratori>=

681 4022 858 4072 officio
887 4025 1126 4071 remotae
1152 4042 1173 4065 ιο
1208 4022 1266 4069 in
1311 4022 1414 4069 hoc
1455 4022 1519 4069 de
1547 4022 1857 4070 Inventione
1908 4022 2048 4071 libro
2078 4022 2345 4086 dicuntur)
2386 4036 2498 4071 non
2549 4024 2656 4071 nisi
2702 4029 2906 4086 parte-w

681 4094 938 4158 aliquam,
953 4096 1007 4143 et
1030 4108 1097 4143 ne
1129 4106 1249 4142 eam
1266 4092 1484 4156 quidem
1499 4093 1615 4141 sine
1638 4091 1875 4155 quadam
1896 4092 2252 4153 dubitatione,
2279 4095 2478 4144 oratori
2504 4094 2581 4142 sic
2610 4093 2830 4157 adiungi
2846 4113 2866 4141 ῑι
2882 4097 2910 4141 ]ι

683 4166 917 4215 Antonio
949 4165 1045 4227 (De
1072 4164 1159 4214 Or.
1191 4164 1258 4224 ΙΙ,
1286 4166 1447 4225 66-6Ἳ;
1470 4162 1535 4213 cs.
1565 4164 1834 4222 Crassum,
1854 4164 1897 4224 I,
1928 4164 2023 4224 68),
2055 4166 2245 4214 ceteris
2272 4165 2491 4214 omissis
2511 4164 2700 4215 eadem
2725 4166 2830 4214 iere
2850 4169 2910 4213 ih.-

679 4238 890 4287 ratione
939 4235 1090 4300 (ibid.
1120 4236 1196 4298 66)
1260 4248 1425 4298 quam
1479 4237 1666 4285 noster
1709 4236 1900 4284 auctor
1932 4235 1997 4284 de
2041 4235 2351 4286 Inventione
2384 4237 2627 4286 scribens
2689 4238 2910 4287 Herma-

685 4321 848 4370 gorae
900 4307 1197 4357 sententiae
1232 4305 1560 4370 opponebat.

752 4380 817 4441 (2)
849 4380 902 4427 et
927 4379 994 4441 (3)
1031 4378 1111 4426 De·
1142 4376 1226 4426 Or.
1262 4378 1328 4437 II,
1354 4378 1432 4437 71,
1459 4378 1539 4426 72.

750 4450 818 4513 (4)
850 4449 1174 4500 Praesertim
1194 4450 1254 4497 in
1278 4463 1357 4509 eo,
1397 4448 1491 4512 qui
1521 4449 1754 4498 fateatur
1779 4446 1873 4507 (De
1909 4448 1999 4497 Or.
2040 4449 2105 4508 11,
2132 4449 2229 4509 61),
2263 4463 2320 4498 se
2348 4449 2446 4498 in«
2469 4448 2914 4512 philosophorum

688 4520 859 4581 libris,
892 4521 987 4583 qui
1012 4521 1142 4569 sunt
1168 4518 1278 4569 fere
1307 4520 1557 4583 inscripti
1581 4520 1645 4569 de
1674 4517 1836 4568 rebus
1865 4520 2012 4569 notis
2050 4522 2103 4569 et
2153 4519 2481 4580 illustribus,
2520 4519 2585 4571 de
2610 4521 2826 4581 virtute,
2854 4521 2914 4565 al.-

697 4592 930 4727 ju(s5t)it{)a‚
961 4592 1027 4713 ge
1055 4592 1361 4714 Πῧῖθεξὲῐθ,
1383 4591 1447 4640 de
1466 4590 1767 4655 voluptate,
1785 4590 2013 4640 verbum
2041 4606 2264 4655 prorsus
2288 4591 2507 4642 nullum
2554 4592 2866 4655 intelligere-
2898 4620 2914 4633 ··

901 4679 928 4714 e
1003 4678 1051 4714 r.
1170 4699 1182 4723 ‚
1285 4700 1297 4712 .
