<?xml version="1.0" encoding="UTF-8"?>
<!DOCTYPE html PUBLIC "-//W3C//DTD XHTML 1.0 Transitional//EN"
    "http://www.w3.org/TR/xhtml1/DTD/xhtml1-transitional.dtd">
<html xmlns="http://www.w3.org/1999/xhtml" xml:lang="en" lang="en">
 <head>
  <title>
</title>
<meta http-equiv="Content-Type" content="text/html;charset=utf-8" />
  <meta name='ocr-system' content='tesseract 3.04.00' />
  <meta name='ocr-capabilities' content='ocr_page ocr_carea ocr_par ocr_line ocrx_word'/>
</head>
<body>
  <div class='ocr_page' id='page_1' title='image "./quantumphilosop01liebgoog_0076.png"; bbox 0 0 3742 5167; ppageno 0'>
   <div class='ocr_carea' id='block_1_1' title="bbox 1765 1134 2188 1203">
    <p class='ocr_par' dir='ltr' id='par_1_1' title="bbox 1765 1134 2188 1203">
     <span class='ocr_line' id='line_1_1' title="bbox 1765 1134 2188 1203; baseline 0.002 -2"><span class='ocrx_word' id='word_1_1' title='bbox 1765 1134 2061 1203; x_wconf 90' lang='lat' dir='ltr'>CAPUT</span> <span class='ocrx_word' id='word_1_2' title='bbox 2122 1134 2188 1202; x_wconf 96' lang='lat' dir='ltr'>II</span> 
     </span>
    </p>
   </div>
   <div class='ocr_carea' id='block_1_2' title="bbox 870 1344 3090 1545">
    <p class='ocr_par' dir='ltr' id='par_1_2' title="bbox 870 1344 3090 1545">
     <span class='ocr_line' id='line_1_2' title="bbox 870 1344 3090 1443; baseline 0.005 -33"><span class='ocrx_word' id='word_1_3' title='bbox 870 1344 1056 1425; x_wconf 77' lang='lat' dir='ltr'>Quid</span> <span class='ocrx_word' id='word_1_4' title='bbox 1104 1344 1539 1435; x_wconf 80' lang='lat' dir='ltr'>potissimum</span> <span class='ocrx_word' id='word_1_5' title='bbox 1569 1370 1699 1434; x_wconf 80' lang='lat' dir='ltr'>per</span> <span class='ocrx_word' id='word_1_6' title='bbox 1741 1349 2079 1415; x_wconf 79' lang='lat' dir='ltr'><strong><em>Ciceronis</em></strong></span> <span class='ocrx_word' id='word_1_7' title='bbox 2117 1349 2453 1417; x_wconf 82' lang='lat' dir='ltr'>orationes</span> <span class='ocrx_word' id='word_1_8' title='bbox 2507 1351 2759 1421; x_wconf 82' lang='lat' dir='ltr'>rationi</span> <span class='ocrx_word' id='word_1_9' title='bbox 2798 1353 2885 1420; x_wconf 86' lang='lat' dir='ltr'>ab</span> <span class='ocrx_word' id='word_1_10' title='bbox 2946 1354 3090 1443; x_wconf 80' lang='lat' dir='ltr'>ipso</span> 
     </span>
     <span class='ocr_line' id='line_1_3' title="bbox 1397 1454 2557 1545; baseline 0.004 -25"><span class='ocrx_word' id='word_1_11' title='bbox 1397 1454 1744 1543; x_wconf 72' lang='lat' dir='ltr'><em>expositae</em></span> <span class='ocrx_word' id='word_1_12' title='bbox 1780 1456 2187 1545; x_wconf 77' lang='lat' dir='ltr'>respondere</span> <span class='ocrx_word' id='word_1_13' title='bbox 2224 1457 2557 1525; x_wconf 80' lang='lat' dir='ltr'>videatur.</span> 
     </span>
    </p>
   </div>
   <div class='ocr_carea' id='block_1_3' title="bbox 1986 1822 2008 1875">
    <p class='ocr_par' dir='ltr' id='par_1_3' title="bbox 1986 1822 2008 1875">
     <span class='ocr_line' id='line_1_4' title="bbox 1986 1822 2008 1875; baseline 0 0"><span class='ocrx_word' id='word_1_14' title='bbox 1986 1822 2008 1875; x_wconf 95' lang='lat'>1</span> 
     </span>
    </p>
   </div>
   <div class='ocr_carea' id='block_1_4' title="bbox 803 2056 3097 4070">
    <p class='ocr_par' dir='ltr' id='par_1_4' title="bbox 803 2056 3097 4070">
     <span class='ocr_line' id='line_1_5' title="bbox 959 2056 3093 2146; baseline -0.001 -19"><span class='ocrx_word' id='word_1_15' title='bbox 959 2062 1146 2143; x_wconf 87' lang='lat' dir='ltr'>Quas</span> <span class='ocrx_word' id='word_1_16' title='bbox 1173 2059 1456 2124; x_wconf 89' lang='lat' dir='ltr'>intimas</span> <span class='ocrx_word' id='word_1_17' title='bbox 1496 2059 1605 2124; x_wconf 90' lang='lat' dir='ltr'>sui</span> <span class='ocrx_word' id='word_1_18' title='bbox 1631 2058 1853 2146; x_wconf 89' lang='lat' dir='ltr'>ipsius</span> <span class='ocrx_word' id='word_1_19' title='bbox 1885 2056 2417 2124; x_wconf 88' lang='lat' dir='ltr'>commendandi</span> <span class='ocrx_word' id='word_1_20' title='bbox 2461 2060 2762 2125; x_wconf 89' lang='lat' dir='ltr'>rationes</span> <span class='ocrx_word' id='word_1_21' title='bbox 2803 2060 2888 2126; x_wconf 87' lang='lat' dir='ltr'>M.</span> <span class='ocrx_word' id='word_1_22' title='bbox 2931 2060 3093 2127; x_wconf 89' lang='lat' dir='ltr'>Tul·</span> 
     </span>
     <span class='ocr_line' id='line_1_6' title="bbox 862 2162 3093 2254; baseline -0.002 -17"><span class='ocrx_word' id='word_1_23' title='bbox 862 2172 998 2237; x_wconf 90' lang='lat' dir='ltr'>lius</span> <span class='ocrx_word' id='word_1_24' title='bbox 1032 2167 1177 2234; x_wconf 90' lang='lat' dir='ltr'>suis</span> <span class='ocrx_word' id='word_1_25' title='bbox 1243 2163 1325 2230; x_wconf 95' lang='lat' dir='ltr'>de</span> <span class='ocrx_word' id='word_1_26' title='bbox 1366 2162 1811 2254; x_wconf 79' lang='lat' dir='ltr'>philosophia</span> <span class='ocrx_word' id='word_1_27' title='bbox 1841 2164 1927 2231; x_wconf 89' lang='lat' dir='ltr'>ad</span> <span class='ocrx_word' id='word_1_28' title='bbox 1968 2164 2441 2254; x_wconf 78' lang='lat' dir='ltr'>eloquentiam</span> <span class='ocrx_word' id='word_1_29' title='bbox 2483 2165 2922 2254; x_wconf 88' lang='lat' dir='ltr'>adjungenda</span> <span class='ocrx_word' id='word_1_30' title='bbox 2962 2166 3093 2233; x_wconf 87' lang='lat' dir='ltr'>dis·</span> 
     </span>
     <span class='ocr_line' id='line_1_7' title="bbox 862 2270 3097 2366; baseline -0.001 -24"><span class='ocrx_word' id='word_1_31' title='bbox 862 2271 1338 2366; x_wconf 88' lang='lat' dir='ltr'>putationibus</span> <span class='ocrx_word' id='word_1_32' title='bbox 1379 2272 1775 2352; x_wconf 80' lang='lat' dir='ltr'>inseruerit,</span> <span class='ocrx_word' id='word_1_33' title='bbox 1841 2270 2023 2338; x_wconf 91' lang='lat' dir='ltr'>haud</span> <span class='ocrx_word' id='word_1_34' title='bbox 2057 2272 2362 2361; x_wconf 89' lang='lat' dir='ltr'>profecto</span> <span class='ocrx_word' id='word_1_35' title='bbox 2397 2272 2651 2339; x_wconf 92' lang='lat' dir='ltr'>idcirco</span> <span class='ocrx_word' id='word_1_36' title='bbox 2725 2273 3097 2362; x_wconf 83' lang='lat' dir='ltr'>explicavi-</span> 
     </span>
     <span class='ocr_line' id='line_1_8' title="bbox 860 2377 3088 2466; baseline -0.002 -17"><span class='ocrx_word' id='word_1_37' title='bbox 860 2387 1146 2462; x_wconf 90' lang='lat' dir='ltr'>mus,ut</span> <span class='ocrx_word' id='word_1_38' title='bbox 1199 2377 1346 2466; x_wconf 90' lang='lat' dir='ltr'>ejus</span> <span class='ocrx_word' id='word_1_39' title='bbox 1393 2377 1465 2442; x_wconf 92' lang='lat' dir='ltr'>in</span> <span class='ocrx_word' id='word_1_40' title='bbox 1515 2399 1593 2443; x_wconf 86' lang='lat' dir='ltr'>ea</span> <span class='ocrx_word' id='word_1_41' title='bbox 1658 2400 1730 2443; x_wconf 92' lang='lat' dir='ltr'>re</span> <span class='ocrx_word' id='word_1_42' title='bbox 1762 2378 2147 2444; x_wconf 88' lang='lat' dir='ltr'>sententiae</span> <span class='ocrx_word' id='word_1_43' title='bbox 2204 2378 2579 2444; x_wconf 88' lang='lat' dir='ltr'>auctoritas</span> <span class='ocrx_word' id='word_1_44' title='bbox 2633 2379 3088 2446; x_wconf 87' lang='lat' dir='ltr'>minueretur.</span> 
     </span>
     <span class='ocr_line' id='line_1_9' title="bbox 861 2483 3092 2576; baseline -0.002 -20"><span class='ocrx_word' id='word_1_45' title='bbox 861 2491 1060 2573; x_wconf 89' lang='lat' dir='ltr'>Nam,</span> <span class='ocrx_word' id='word_1_46' title='bbox 1093 2487 1211 2576; x_wconf 92' lang='lat' dir='ltr'>qui</span> <span class='ocrx_word' id='word_1_47' title='bbox 1259 2484 1343 2550; x_wconf 88' lang='lat' dir='ltr'>ab</span> <span class='ocrx_word' id='word_1_48' title='bbox 1371 2483 1808 2550; x_wconf 82' lang='lat' dir='ltr'>adulescente</span> <span class='ocrx_word' id='word_1_49' title='bbox 1848 2506 2128 2551; x_wconf 91' lang='lat' dir='ltr'>omnem</span> <span class='ocrx_word' id='word_1_50' title='bbox 2161 2484 2304 2551; x_wconf 82' lang='lat' dir='ltr'>fere</span> <span class='ocrx_word' id='word_1_51' title='bbox 2336 2483 2937 2574; x_wconf 87' lang='lat' dir='ltr'>philosophiarum</span> <span class='ocrx_word' id='word_1_52' title='bbox 2979 2508 3092 2551; x_wconf 89' lang='lat' dir='ltr'>va-</span> 
     </span>
     <span class='ocr_line' id='line_1_10' title="bbox 859 2590 3088 2681; baseline -0.002 -19"><span class='ocrx_word' id='word_1_53' title='bbox 859 2598 1204 2674; x_wconf 79' lang='lat' dir='ltr'>rietatem,</span> <span class='ocrx_word' id='word_1_54' title='bbox 1242 2614 1418 2681; x_wconf 91' lang='lat' dir='ltr'>quae</span> <span class='ocrx_word' id='word_1_55' title='bbox 1450 2590 1730 2680; x_wconf 90' lang='lat' dir='ltr'>quidem</span> <span class='ocrx_word' id='word_1_56' title='bbox 1764 2613 1842 2657; x_wconf 92' lang='lat' dir='ltr'>ea</span> <span class='ocrx_word' id='word_1_57' title='bbox 1878 2597 2099 2657; x_wconf 90' lang='lat' dir='ltr'>aetate</span> <span class='ocrx_word' id='word_1_58' title='bbox 2134 2590 2458 2678; x_wconf 89' lang='lat' dir='ltr'>vigebant</span> <span class='ocrx_word' id='word_1_59' title='bbox 2497 2596 2561 2656; x_wconf 92' lang='lat' dir='ltr'>et</span> <span class='ocrx_word' id='word_1_60' title='bbox 2605 2590 2938 2657; x_wconf 86' lang='lat' dir='ltr'>florebant</span> <span class='ocrx_word' id='word_1_61' title='bbox 2971 2595 3088 2674; x_wconf 55' lang='lat'>(1),</span> 
     </span>
     <span class='ocr_line' id='line_1_11' title="bbox 858 2696 3096 2779; baseline -0.003 -9"><span class='ocrx_word' id='word_1_62' title='bbox 858 2704 1300 2776; x_wconf 79' lang='lat' dir='ltr'>lustraverat,</span> <span class='ocrx_word' id='word_1_63' title='bbox 1336 2705 1402 2764; x_wconf 88' lang='lat' dir='ltr'>et</span> <span class='ocrx_word' id='word_1_64' title='bbox 1442 2697 1619 2763; x_wconf 89' lang='lat' dir='ltr'>idem</span> <span class='ocrx_word' id='word_1_65' title='bbox 1666 2697 2026 2763; x_wconf 82' lang='lat' dir='ltr'>rhetorum</span> <span class='ocrx_word' id='word_1_66' title='bbox 2058 2718 2216 2763; x_wconf 91' lang='lat' dir='ltr'>cum</span> <span class='ocrx_word' id='word_1_67' title='bbox 2273 2696 2649 2762; x_wconf 88' lang='lat' dir='ltr'>latinorum</span> <span class='ocrx_word' id='word_1_68' title='bbox 2714 2704 2862 2763; x_wconf 89' lang='lat' dir='ltr'>tum</span> <span class='ocrx_word' id='word_1_69' title='bbox 2904 2720 3096 2779; x_wconf 84' lang='lat' dir='ltr'>grae-</span> 
     </span>
     <span class='ocr_line' id='line_1_12' title="bbox 856 2802 3096 2893; baseline -0.003 -16"><span class='ocrx_word' id='word_1_70' title='bbox 856 2831 1094 2877; x_wconf 90' lang='lat' dir='ltr'>corum</span> <span class='ocrx_word' id='word_1_71' title='bbox 1157 2805 1428 2874; x_wconf 91' lang='lat' dir='ltr'>scholas</span> <span class='ocrx_word' id='word_1_72' title='bbox 1467 2805 2052 2893; x_wconf 82' lang='lat' dir='ltr'>frequentaverat,</span> <span class='ocrx_word' id='word_1_73' title='bbox 2111 2842 2199 2851; x_wconf 91' lang='lat'>—</span> <span class='ocrx_word' id='word_1_74' title='bbox 2264 2803 2418 2890; x_wconf 91' lang='lat' dir='ltr'>quis</span> <span class='ocrx_word' id='word_1_75' title='bbox 2449 2824 2607 2867; x_wconf 92' lang='lat' dir='ltr'>eum</span> <span class='ocrx_word' id='word_1_76' title='bbox 2649 2802 3096 2892; x_wconf 82' lang='lat' dir='ltr'>redargueret</span> 
     </span>
     <span class='ocr_line' id='line_1_13' title="bbox 857 2908 3089 2998; baseline -0.004 -14"><span class='ocrx_word' id='word_1_77' title='bbox 857 2917 1349 2994; x_wconf 88' lang='lat' dir='ltr'>affirmantem,</span> <span class='ocrx_word' id='word_1_78' title='bbox 1386 2934 1458 2978; x_wconf 90' lang='lat' dir='ltr'>se</span> <span class='ocrx_word' id='word_1_79' title='bbox 1491 2910 2068 2977; x_wconf 81' lang='lat' dir='ltr'>Academicorum</span> <span class='ocrx_word' id='word_1_80' title='bbox 2096 2908 2497 2998; x_wconf 88' lang='lat' dir='ltr'>disciplinae</span> <span class='ocrx_word' id='word_1_81' title='bbox 2528 2908 2685 2998; x_wconf 90' lang='lat' dir='ltr'>plus</span> <span class='ocrx_word' id='word_1_82' title='bbox 2740 2932 2950 2998; x_wconf 90' lang='lat' dir='ltr'>quam</span> <span class='ocrx_word' id='word_1_83' title='bbox 2982 2912 3089 2976; x_wconf 89' lang='lat' dir='ltr'>vel</span> 
     </span>
     <span class='ocr_line' id='line_1_14' title="bbox 855 3014 3093 3111; baseline -0.005 -20"><span class='ocrx_word' id='word_1_84' title='bbox 855 3024 1104 3092; x_wconf 89' lang='lat' dir='ltr'>ceteris</span> <span class='ocrx_word' id='word_1_85' title='bbox 1174 3020 1751 3111; x_wconf 88' lang='lat' dir='ltr'>philosophorum</span> <span class='ocrx_word' id='word_1_86' title='bbox 1817 3016 2106 3081; x_wconf 88' lang='lat' dir='ltr'>familiis</span> <span class='ocrx_word' id='word_1_87' title='bbox 2184 3017 2289 3080; x_wconf 89' lang='lat' dir='ltr'>vet</span> <span class='ocrx_word' id='word_1_88' title='bbox 2341 3043 2368 3073; x_wconf 90' lang='lat'>«</span> <span class='ocrx_word' id='word_1_89' title='bbox 2438 3014 2797 3081; x_wconf 89' lang='lat' dir='ltr'>rhetorum</span> <span class='ocrx_word' id='word_1_90' title='bbox 2880 3016 3093 3083; x_wconf 88' lang='lat' dir='ltr'>offici-</span> 
     </span>
     <span class='ocr_line' id='line_1_15' title="bbox 856 3120 3086 3219; baseline -0.004 -22"><span class='ocrx_word' id='word_1_91' title='bbox 856 3133 964 3197; x_wconf 88' lang='lat' dir='ltr'>nis</span> <span class='ocrx_word' id='word_1_92' title='bbox 1005 3130 1100 3219; x_wconf 81' lang='lat'>(2)</span> <span class='ocrx_word' id='word_1_93' title='bbox 1156 3156 1186 3190; x_wconf 89' lang='lat'>»</span> <span class='ocrx_word' id='word_1_94' title='bbox 1222 3126 1305 3194; x_wconf 92' lang='lat' dir='ltr'>ad</span> <span class='ocrx_word' id='word_1_95' title='bbox 1333 3123 1835 3213; x_wconf 87' lang='lat' dir='ltr'>assequendam</span> <span class='ocrx_word' id='word_1_96' title='bbox 1887 3145 2064 3200; x_wconf 89' lang='lat' dir='ltr'>eam,</span> <span class='ocrx_word' id='word_1_97' title='bbox 2119 3143 2256 3210; x_wconf 89' lang='lat' dir='ltr'>qua</span> <span class='ocrx_word' id='word_1_98' title='bbox 2301 3120 2756 3210; x_wconf 83' lang='lat' dir='ltr'>gloriabatur,</span> <span class='ocrx_word' id='word_1_99' title='bbox 2818 3121 3086 3188; x_wconf 87' lang='lat' dir='ltr'>dicendi</span> 
     </span>
     <span class='ocr_line' id='line_1_16' title="bbox 855 3227 3089 3326; baseline -0.003 -24"><span class='ocrx_word' id='word_1_100' title='bbox 855 3238 1129 3326; x_wconf 90' lang='lat' dir='ltr'>copiam</span> <span class='ocrx_word' id='word_1_101' title='bbox 1170 3233 1489 3301; x_wconf 88' lang='lat' dir='ltr'>debuisse</span> <span class='ocrx_word' id='word_1_102' title='bbox 1518 3234 1549 3297; x_wconf 82' lang='lat'>‘?</span> <span class='ocrx_word' id='word_1_103' title='bbox 1579 3229 1756 3308; x_wconf 85' lang='lat' dir='ltr'>Quia</span> <span class='ocrx_word' id='word_1_104' title='bbox 1783 3227 2103 3294; x_wconf 86' lang='lat' dir='ltr'>videlicet</span> <span class='ocrx_word' id='word_1_105' title='bbox 2142 3250 2299 3293; x_wconf 92' lang='lat' dir='ltr'>cum</span> <span class='ocrx_word' id='word_1_106' title='bbox 2342 3250 2421 3294; x_wconf 86' lang='lat' dir='ltr'>eo</span> <span class='ocrx_word' id='word_1_107' title='bbox 2478 3228 2750 3294; x_wconf 86' lang='lat' dir='ltr'>dicendi</span> <span class='ocrx_word' id='word_1_108' title='bbox 2810 3252 3089 3308; x_wconf 78' lang='lat' dir='ltr'>genere,</span> 
     </span>
     <span class='ocr_line' id='line_1_17' title="bbox 857 3334 3093 3432; baseline -0.004 -21"><span class='ocrx_word' id='word_1_109' title='bbox 857 3343 1037 3432; x_wconf 91' lang='lat' dir='ltr'>quod</span> <span class='ocrx_word' id='word_1_110' title='bbox 1080 3342 1212 3408; x_wconf 90' lang='lat' dir='ltr'>sibi</span> <span class='ocrx_word' id='word_1_111' title='bbox 1246 3342 1478 3408; x_wconf 89' lang='lat' dir='ltr'>animo</span> <span class='ocrx_word' id='word_1_112' title='bbox 1521 3342 1937 3425; x_wconf 86' lang='lat' dir='ltr'>proponeret</span> <span class='ocrx_word' id='word_1_113' title='bbox 1998 3356 2274 3422; x_wconf 83' lang='lat' dir='ltr'>quoque</span> <span class='ocrx_word' id='word_1_114' title='bbox 2313 3340 2562 3400; x_wconf 88' lang='lat' dir='ltr'>natura</span> <span class='ocrx_word' id='word_1_115' title='bbox 2595 3335 2744 3423; x_wconf 90' lang='lat' dir='ltr'>ipsa</span> <span class='ocrx_word' id='word_1_116' title='bbox 2806 3334 2978 3402; x_wconf 89' lang='lat' dir='ltr'>duce</span> <span class='ocrx_word' id='word_1_117' title='bbox 3021 3359 3093 3404; x_wconf 88' lang='lat' dir='ltr'>se</span> 
     </span>
     <span class='ocr_line' id='line_1_18' title="bbox 803 3439 3088 3531; baseline -0.001 -19"><span class='ocrx_word' id='word_1_118' title='bbox 803 3523 806 3527; x_wconf 16' lang='lat'><strong>⁴</strong></span> <span class='ocrx_word' id='word_1_119' title='bbox 855 3448 1023 3514; x_wconf 89' lang='lat' dir='ltr'>ferri</span> <span class='ocrx_word' id='word_1_120' title='bbox 1088 3445 1221 3513; x_wconf 90' lang='lat' dir='ltr'>sibi</span> <span class='ocrx_word' id='word_1_121' title='bbox 1290 3445 1611 3511; x_wconf 89' lang='lat' dir='ltr'>conscius</span> <span class='ocrx_word' id='word_1_122' title='bbox 1668 3448 1869 3525; x_wconf 88' lang='lat' dir='ltr'>esset,</span> <span class='ocrx_word' id='word_1_123' title='bbox 1930 3440 2108 3507; x_wconf 86' lang='lat' dir='ltr'>hanc</span> <span class='ocrx_word' id='word_1_124' title='bbox 2175 3440 2589 3507; x_wconf 86' lang='lat' dir='ltr'>Academiae</span> <span class='ocrx_word' id='word_1_125' title='bbox 2648 3439 3088 3531; x_wconf 87' lang='lat' dir='ltr'>disciplinam</span> 
     </span>
     <span class='ocr_line' id='line_1_19' title="bbox 857 3547 3089 3640; baseline -0.003 -19"><span class='ocrx_word' id='word_1_126' title='bbox 857 3556 1161 3620; x_wconf 86' lang='lat' dir='ltr'>maxime</span> <span class='ocrx_word' id='word_1_127' title='bbox 1183 3572 1567 3640; x_wconf 79' lang='lat' dir='ltr'>congruere</span> <span class='ocrx_word' id='word_1_128' title='bbox 1609 3547 2457 3637; x_wconf 83' lang='lat' dir='ltr'>senserat,velantequam</span> <span class='ocrx_word' id='word_1_129' title='bbox 2480 3547 2543 3613; x_wconf 89' lang='lat' dir='ltr'>id</span> <span class='ocrx_word' id='word_1_130' title='bbox 2575 3548 2781 3614; x_wconf 88' lang='lat' dir='ltr'>certis</span> <span class='ocrx_word' id='word_1_131' title='bbox 2804 3550 3089 3616; x_wconf 89' lang='lat' dir='ltr'>rationi—</span> 
     </span>
     <span class='ocr_line' id='line_1_20' title="bbox 858 3654 3088 3749; baseline -0.003 -21"><span class='ocrx_word' id='word_1_132' title='bbox 858 3661 984 3728; x_wconf 90' lang='lat' dir='ltr'>bus</span> <span class='ocrx_word' id='word_1_133' title='bbox 1031 3661 1491 3749; x_wconf 88' lang='lat' dir='ltr'>intellegeret,</span> <span class='ocrx_word' id='word_1_134' title='bbox 1539 3696 1625 3705; x_wconf 89' lang='lat'>-—-</span> <span class='ocrx_word' id='word_1_135' title='bbox 1679 3655 1939 3721; x_wconf 91' lang='lat' dir='ltr'>idcirco</span> <span class='ocrx_word' id='word_1_136' title='bbox 1993 3661 2060 3721; x_wconf 92' lang='lat' dir='ltr'>et</span> <span class='ocrx_word' id='word_1_137' title='bbox 2110 3655 2177 3718; x_wconf 92' lang='lat' dir='ltr'>in</span> <span class='ocrx_word' id='word_1_138' title='bbox 2222 3654 2447 3743; x_wconf 87' lang='lat' dir='ltr'>prima</span> <span class='ocrx_word' id='word_1_139' title='bbox 2490 3654 2962 3722; x_wconf 86' lang='lat' dir='ltr'>adulescentia</span> <span class='ocrx_word' id='word_1_140' title='bbox 2993 3656 3088 3745; x_wconf 77' lang='lat'>(3)</span> 
     </span>
     <span class='ocr_line' id='line_1_21' title="bbox 860 3762 3090 3853; baseline -0.001 -20"><span class='ocrx_word' id='word_1_141' title='bbox 860 3767 1132 3834; x_wconf 83' lang='lat' dir='ltr'>Philoni</span> <span class='ocrx_word' id='word_1_142' title='bbox 1169 3768 1460 3833; x_wconf 91' lang='lat' dir='ltr'>Romam</span> <span class='ocrx_word' id='word_1_143' title='bbox 1496 3763 1824 3851; x_wconf 89' lang='lat' dir='ltr'>migranti</span> <span class='ocrx_word' id='word_1_144' title='bbox 1861 3791 1890 3822; x_wconf 91' lang='lat'>«</span> <span class='ocrx_word' id='word_1_145' title='bbox 1927 3769 2152 3829; x_wconf 91' lang='lat' dir='ltr'>totum</span> <span class='ocrx_word' id='word_1_146' title='bbox 2199 3790 2254 3847; x_wconf 73' lang='lat' dir='ltr'>n,</span> <span class='ocrx_word' id='word_1_147' title='bbox 2301 3770 2372 3828; x_wconf 93' lang='lat' dir='ltr'>ut</span> <span class='ocrx_word' id='word_1_148' title='bbox 2409 3762 2553 3851; x_wconf 88' lang='lat' dir='ltr'>ipse</span> <span class='ocrx_word' id='word_1_149' title='bbox 2600 3763 2917 3853; x_wconf 77' lang='lat' dir='ltr'>dixit(4)‚</span> <span class='ocrx_word' id='word_1_150' title='bbox 2950 3797 2975 3823; x_wconf 74' lang='lat' dir='ltr'>u</span> <span class='ocrx_word' id='word_1_151' title='bbox 3019 3786 3090 3830; x_wconf 90' lang='lat' dir='ltr'>se</span> 
     </span>
     <span class='ocr_line' id='line_1_22' title="bbox 852 3867 3088 3961; baseline -0.002 -20"><span class='ocrx_word' id='word_1_152' title='bbox 852 3874 1226 3941; x_wconf 89' lang='lat' dir='ltr'>tradiderat</span> <span class='ocrx_word' id='word_1_153' title='bbox 1262 3903 1322 3959; x_wconf 68' lang='grc' dir='ltr'>υ,</span> <span class='ocrx_word' id='word_1_154' title='bbox 1367 3878 1431 3938; x_wconf 89' lang='lat' dir='ltr'>et</span> <span class='ocrx_word' id='word_1_155' title='bbox 1464 3878 1616 3961; x_wconf 88' lang='lat' dir='ltr'>post</span> <span class='ocrx_word' id='word_1_156' title='bbox 1648 3870 2019 3936; x_wconf 87' lang='lat' dir='ltr'>nonnullas</span> <span class='ocrx_word' id='word_1_157' title='bbox 2042 3868 2187 3957; x_wconf 88' lang='lat' dir='ltr'>jam</span> <span class='ocrx_word' id='word_1_158' title='bbox 2226 3867 2441 3936; x_wconf 89' lang='lat' dir='ltr'>dictas</span> <span class='ocrx_word' id='word_1_159' title='bbox 2472 3891 2716 3957; x_wconf 84' lang='lat' dir='ltr'>causas</span> <span class='ocrx_word' id='word_1_160' title='bbox 2749 3873 2845 3956; x_wconf 72' lang='lat'>15)</span> <span class='ocrx_word' id='word_1_161' title='bbox 2879 3897 2910 3932; x_wconf 92' lang='lat'>«</span> <span class='ocrx_word' id='word_1_162' title='bbox 2942 3876 3088 3936; x_wconf 91' lang='lat' dir='ltr'>stu-</span> 
     </span>
     <span class='ocr_line' id='line_1_23' title="bbox 852 3977 3088 4070; baseline -0.002 -22"><span class='ocrx_word' id='word_1_163' title='bbox 852 3981 1048 4048; x_wconf 90' lang='lat' dir='ltr'>dium</span> <span class='ocrx_word' id='word_1_164' title='bbox 1142 3977 1629 4070; x_wconf 88' lang='lat' dir='ltr'>philosophiae</span> <span class='ocrx_word' id='word_1_165' title='bbox 1701 3999 2064 4066; x_wconf 90' lang='lat' dir='ltr'>nunquam</span> <span class='ocrx_word' id='word_1_166' title='bbox 2125 3977 2606 4043; x_wconf 87' lang='lat' dir='ltr'>intermissum</span> <span class='ocrx_word' id='word_1_167' title='bbox 2652 4005 2681 4037; x_wconf 88' lang='lat'>»</span> <span class='ocrx_word' id='word_1_168' title='bbox 2740 3977 3088 4044; x_wconf 88' lang='lat' dir='ltr'>Antiocho</span> 
     </span>
    </p>
   </div>
   <div class='ocr_carea' id='block_1_5' title="bbox 852 4196 3092 4691">
    <p class='ocr_par' dir='ltr' id='par_1_5' title="bbox 852 4196 3092 4405">
     <span class='ocr_line' id='line_1_24' title="bbox 910 4196 3092 4263; baseline 0 -16"><span class='ocrx_word' id='word_1_169' title='bbox 910 4199 974 4261; x_wconf 71' lang='lat'>(1)</span> <span class='ocrx_word' id='word_1_170' title='bbox 1003 4198 1141 4247; x_wconf 88' lang='lat' dir='ltr'>Nam</span> <span class='ocrx_word' id='word_1_171' title='bbox 1162 4196 1478 4255; x_wconf 84' lang='lat' dir='ltr'>AntiochuS,</span> <span class='ocrx_word' id='word_1_172' title='bbox 1504 4196 1824 4246; x_wconf 87' lang='lat' dir='ltr'>Academiae</span> <span class='ocrx_word' id='word_1_173' title='bbox 1845 4196 2119 4261; x_wconf 86' lang='lat' dir='ltr'>princepS,</span> <span class='ocrx_word' id='word_1_174' title='bbox 2142 4210 2303 4260; x_wconf 85' lang='lat' dir='ltr'>quem</span> <span class='ocrx_word' id='word_1_175' title='bbox 2330 4197 2511 4247; x_wconf 89' lang='lat' dir='ltr'>Cicero</span> <span class='ocrx_word' id='word_1_176' title='bbox 2538 4197 2799 4257; x_wconf 81' lang='lat' dir='ltr'>audierat,</span> <span class='ocrx_word' id='word_1_177' title='bbox 2822 4199 3092 4263; x_wconf 86' lang='lat' dir='ltr'>Peripate-</span> 
     </span>
     <span class='ocr_line' id='line_1_25' title="bbox 854 4267 3087 4335; baseline 0 -17"><span class='ocrx_word' id='word_1_178' title='bbox 854 4270 989 4320; x_wconf 82' lang='lat' dir='ltr'>ticos</span> <span class='ocrx_word' id='word_1_179' title='bbox 1041 4269 1205 4318; x_wconf 89' lang='lat' dir='ltr'>simul</span> <span class='ocrx_word' id='word_1_180' title='bbox 1235 4271 1396 4331; x_wconf 85' lang='lat' dir='ltr'>atque</span> <span class='ocrx_word' id='word_1_181' title='bbox 1445 4267 1798 4318; x_wconf 87' lang='lat' dir='ltr'>Academicos</span> <span class='ocrx_word' id='word_1_182' title='bbox 1849 4283 1905 4318; x_wconf 92' lang='lat' dir='ltr'>se</span> <span class='ocrx_word' id='word_1_183' title='bbox 1937 4269 2092 4331; x_wconf 86' lang='lat' dir='ltr'>sequi</span> <span class='ocrx_word' id='word_1_184' title='bbox 2134 4269 2311 4318; x_wconf 86' lang='lat' dir='ltr'>aiebat</span> <span class='ocrx_word' id='word_1_185' title='bbox 2362 4269 2455 4332; x_wconf 82' lang='lat' dir='ltr'>(Cf.</span> <span class='ocrx_word' id='word_1_186' title='bbox 2512 4284 2693 4334; x_wconf 89' lang='lat' dir='ltr'>supra,</span> <span class='ocrx_word' id='word_1_187' title='bbox 2722 4286 2774 4335; x_wconf 90' lang='lat' dir='ltr'>p.</span> <span class='ocrx_word' id='word_1_188' title='bbox 2804 4272 2880 4330; x_wconf 88' lang='grc'>39,</span> <span class='ocrx_word' id='word_1_189' title='bbox 2936 4284 2990 4320; x_wconf 90' lang='lat' dir='ltr'>n.</span> <span class='ocrx_word' id='word_1_190' title='bbox 3018 4273 3087 4332; x_wconf 85' lang='lat'>4),</span> 
     </span>
     <span class='ocr_line' id='line_1_26' title="bbox 852 4340 2572 4405; baseline 0.001 -16"><span class='ocrx_word' id='word_1_191' title='bbox 852 4369 912 4378; x_wconf 90' lang='lat'><strong>—</strong></span> <span class='ocrx_word' id='word_1_192' title='bbox 936 4343 990 4390; x_wconf 88' lang='lat' dir='ltr'>et</span> <span class='ocrx_word' id='word_1_193' title='bbox 1014 4342 1197 4390; x_wconf 86' lang='lat' dir='ltr'>Cicero</span> <span class='ocrx_word' id='word_1_194' title='bbox 1224 4341 1342 4404; x_wconf 89' lang='lat' dir='ltr'>ipse</span> <span class='ocrx_word' id='word_1_195' title='bbox 1377 4342 1571 4404; x_wconf 87' lang='lat' dir='ltr'>postea</span> <span class='ocrx_word' id='word_1_196' title='bbox 1601 4340 1984 4403; x_wconf 87' lang='lat' dir='ltr'>Peripateticos</span> <span class='ocrx_word' id='word_1_197' title='bbox 2008 4340 2277 4403; x_wconf 86' lang='lat' dir='ltr'>quosdam</span> <span class='ocrx_word' id='word_1_198' title='bbox 2298 4342 2572 4405; x_wconf 85' lang='lat' dir='ltr'>cognovit.</span> 
     </span>
    </p>

    <p class='ocr_par' dir='ltr' id='par_1_6' title="bbox 918 4411 2358 4476">
     <span class='ocr_line' id='line_1_27' title="bbox 918 4411 2358 4476; baseline 0.001 -15"><span class='ocrx_word' id='word_1_199' title='bbox 918 4414 980 4476; x_wconf 82' lang='lat'>(2)</span> <span class='ocrx_word' id='word_1_200' title='bbox 1008 4413 1156 4461; x_wconf 90' lang='lat' dir='ltr'>Sicut</span> <span class='ocrx_word' id='word_1_201' title='bbox 1181 4411 1376 4461; x_wconf 88' lang='lat' dir='ltr'>dicitur</span> <span class='ocrx_word' id='word_1_202' title='bbox 1396 4412 1451 4461; x_wconf 90' lang='lat' dir='ltr'>in</span> <span class='ocrx_word' id='word_1_203' title='bbox 1481 4411 1651 4471; x_wconf 65' lang='lat' dir='ltr'>Orat„</span> <span class='ocrx_word' id='word_1_204' title='bbox 1686 4415 1760 4462; x_wconf 84' lang='lat'>12.</span> <span class='ocrx_word' id='word_1_205' title='bbox 2077 4446 2079 4448; x_wconf 56' lang='lat'>&gt;</span> <span class='ocrx_word' id='word_1_206' title='bbox 2353 4465 2358 4469; x_wconf 72' lang='grc'><em>,</em></span> 
     </span>
    </p>

    <p class='ocr_par' dir='ltr' id='par_1_7' title="bbox 917 4482 2334 4547">
     <span class='ocr_line' id='line_1_28' title="bbox 917 4482 2334 4547; baseline 0 -14"><span class='ocrx_word' id='word_1_207' title='bbox 917 4485 981 4547; x_wconf 84' lang='grc'>(3)</span> <span class='ocrx_word' id='word_1_208' title='bbox 1013 4485 1170 4533; x_wconf 87' lang='lat' dir='ltr'>Anno</span> <span class='ocrx_word' id='word_1_209' title='bbox 1196 4484 1305 4541; x_wconf 89' lang='lat'>666,</span> <span class='ocrx_word' id='word_1_210' title='bbox 1338 4510 1388 4518; x_wconf 95' lang='lat'>—</span> <span class='ocrx_word' id='word_1_211' title='bbox 1414 4483 1522 4546; x_wconf 79' lang='lat' dir='ltr'>ipse</span> <span class='ocrx_word' id='word_1_212' title='bbox 1549 4482 1922 4547; x_wconf 80' lang='lat' dir='ltr'>duodeviginti</span> <span class='ocrx_word' id='word_1_213' title='bbox 1953 4499 2123 4534; x_wconf 87' lang='lat' dir='ltr'>annos</span> <span class='ocrx_word' id='word_1_214' title='bbox 2155 4486 2334 4533; x_wconf 79' lang='lat' dir='ltr'>natus,</span> 
     </span>
    </p>

    <p class='ocr_par' dir='ltr' id='par_1_8' title="bbox 917 4554 2628 4691">
     <span class='ocr_line' id='line_1_29' title="bbox 917 4554 2628 4618; baseline -0.002 -14"><span class='ocrx_word' id='word_1_215' title='bbox 917 4556 982 4618; x_wconf 80' lang='lat'>(4)</span> <span class='ocrx_word' id='word_1_216' title='bbox 1017 4554 1094 4604; x_wconf 85' lang='lat' dir='ltr'>Cf.</span> <span class='ocrx_word' id='word_1_217' title='bbox 1128 4555 1301 4613; x_wconf 66' lang='lat' dir='ltr'>Brut„</span> <span class='ocrx_word' id='word_1_218' title='bbox 1365 4555 1471 4603; x_wconf 91' lang='lat'>306.</span> <span class='ocrx_word' id='word_1_219' title='bbox 1503 4556 1576 4604; x_wconf 92' lang='lat' dir='ltr'>De</span> <span class='ocrx_word' id='word_1_220' title='bbox 1607 4554 1700 4603; x_wconf 87' lang='lat' dir='ltr'>illo</span> <span class='ocrx_word' id='word_1_221' title='bbox 1735 4555 1973 4614; x_wconf 87' lang='lat' dir='ltr'>Philone,</span> <span class='ocrx_word' id='word_1_222' title='bbox 1996 4555 2063 4605; x_wconf 84' lang='lat' dir='ltr'>cf.</span> <span class='ocrx_word' id='word_1_223' title='bbox 2099 4569 2278 4618; x_wconf 88' lang='lat' dir='ltr'>supra,</span> <span class='ocrx_word' id='word_1_224' title='bbox 2306 4569 2357 4618; x_wconf 88' lang='lat' dir='ltr'>p.</span> <span class='ocrx_word' id='word_1_225' title='bbox 2392 4556 2449 4602; x_wconf 83' lang='lat'>24</span> <span class='ocrx_word' id='word_1_226' title='bbox 2477 4558 2529 4604; x_wconf 84' lang='lat' dir='ltr'>et</span> <span class='ocrx_word' id='word_1_227' title='bbox 2550 4558 2628 4603; x_wconf 90' lang='grc'>44.</span> 
     </span>
     <span class='ocr_line' id='line_1_30' title="bbox 917 4626 1770 4691; baseline -0.002 -16"><span class='ocrx_word' id='word_1_228' title='bbox 917 4629 980 4690; x_wconf 86' lang='grc'>(5)</span> <span class='ocrx_word' id='word_1_229' title='bbox 1012 4629 1081 4677; x_wconf 90' lang='lat' dir='ltr'>Ut</span> <span class='ocrx_word' id='word_1_230' title='bbox 1110 4629 1335 4691; x_wconf 87' lang='lat' dir='ltr'>apparet</span> <span class='ocrx_word' id='word_1_231' title='bbox 1355 4640 1419 4675; x_wconf 85' lang='lat' dir='ltr'>ex</span> <span class='ocrx_word' id='word_1_232' title='bbox 1448 4626 1632 4684; x_wconf 81' lang='lat' dir='ltr'>Bruto,</span> <span class='ocrx_word' id='word_1_233' title='bbox 1661 4628 1770 4675; x_wconf 79' lang='lat'><strong>312.</strong></span> 
     </span>
    </p>
   </div>
  </div>
 </body>
</html>
