3742 5167
1636 582 1977 649 -91-

705 748 1072 826 ferentem,
1119 748 1372 837 quibus
1438 772 1558 838 per
1630 749 1869 816 civiles
1931 751 2420 840 occupationes
2483 780 2511 811 «
2591 752 2938 821 subsiciva

704 861 1022 944 tempora
1072 880 1102 919 1)
1147 856 1241 939 (1)
1286 854 1590 923 tribuere
1621 879 1984 946 nunquam
2016 858 2509 925 intermiserat.
2543 858 2625 925 Et
2653 860 2934 948 quidem

703 960 834 1027 hoc
859 961 1027 1028 satis
1057 983 1320 1028 novum
1350 983 1499 1029 esse
1530 962 1795 1043 debuit,
1835 964 2191 1031 consulem
2237 966 2473 1053 populi
2502 968 2799 1047 romani,
2854 1008 2934 1017 —

704 1090 864 1135 cum
894 1068 1044 1156 ipso
1072 1069 1376 1135 consulis
1409 1069 1635 1137 officio
1667 1070 2040 1138 adductum
2085 1094 2156 1137 se
2188 1070 2447 1139 diceret
2500 1072 2623 1162 (2),
2659 1080 2736 1140 ut
2774 1096 2930 1141 con-

708 1174 936 1241 sulem
978 1174 1448 1263 designatum,
1509 1176 1592 1243 de
1630 1177 1898 1244 ambitu
1937 1200 2166 1257 reum,
2200 1179 2266 1244 in
2310 1180 2717 1267 quaestione
2771 1181 2938 1269 legiAE

702 1284 873 1347 tima
917 1281 1338 1358 defenderet,
1407 1322 1486 1331 —
1518 1284 1598 1350 ad
1642 1288 2017 1373 quamdam
2060 1284 2141 1351 de
2182 1284 2575 1353 Stoicorum
2626 1287 2934 1354 doctrina

707 1413 741 1453 c<
793 1387 1100 1454 scholam
1148 1417 1176 1448 »
1231 1410 1510 1456 causam
1554 1390 1915 1458 traducere
1957 1391 2045 1481 (3)
2089 1399 2295 1481 atque
2335 1392 2417 1459 de
2480 1394 2579 1459 eis
2617 1422 2645 1454 «
2692 1393 2934 1461 verbo*

705 1523 859 1566 rum
920 1500 1318 1588 praestigiis
1398 1530 1455 1581 »‚
1526 1497 1782 1587 quibus
1842 1498 2050 1565 Stoici
2115 1503 2391 1581 παράδοξα
2457 1522 2583 1566 5113
2653 1522 2934 1589 compo-

703 1608 1031 1689 suissent,
1055 1629 1136 1673 ea
1165 1605 1531 1691 disserere,
1553 1628 1730 1695 quae
1753 1606 1825 1671 in
1850 1612 2096 1693 quarto
2118 1613 2200 1673 de
2228 1606 2504 1672 Finibus
2532 1605 2709 1674 libro
2740 1646 2820 1656 —
2850 1609 2930 1674 ad

703 1713 1140 1781 subtiliorem
1173 1736 1338 1781 sane
1378 1711 1910 1802 explicationem
1953 1734 2277 1800 expressa
2316 1752 2403 1761 —
2429 1718 2741 1801 repetere
2776 1737 2930 1803 pos*

700 1832 810 1888 tea
851 1821 1155 1910 potuerit
1200 1820 1310 1909 (4).
1380 1820 1532 1885 Non
1592 1840 1729 1907 quo
1778 1818 1990 1884 talem
2030 1818 2572 1905 disputationem
2630 1820 2926 1886 orationi

701 1951 865 1995 suae
933 1928 1082 1993 sine
1123 1934 1310 1994 certa
1351 1928 1614 2006 ratione
1657 1925 2081 1992 inseruerit:
2149 1924 2313 1991 dum
2366 1925 2551 1990 enim
2621 1924 2926 2005 Catonis,

643 2041 648 2048 '
700 2057 837 2123 quo
896 2033 1370 2100 subscribente
1421 2032 1775 2121 Sulpicius
1816 2032 2175 2098 Murenam
2236 2030 2622 2111 accusabat,
2690 2039 2926 2100 aucto-

700 2142 975 2207 ritatem
1009 2142 1103 2206 ita
1134 2142 1453 2207 minuere
1503 2137 1836 2218 tentabat,
1883 2145 1959 2204 ut
2015 2160 2176 2204 eum
2218 2137 2301 2204 ad
2346 2160 2587 2204 omnes
2632 2140 2926 2207 virtutes

696 2264 944 2313 natura
982 2247 1128 2335 ipsa
1157 2246 1416 2313 factum
1437 2268 1586 2313 esse
1613 2250 2041 2333 agnosceret,
2071 2267 2297 2334 neque
2338 2245 2409 2309 in
2440 2267 2520 2311 eo
2543 2244 2922 2333 quidquam

696 2354 1083 2444 vituperari
1146 2377 1346 2442 posse
1399 2354 1537 2419 nisi
1600 2351 1910 2441 quodad
1950 2350 2250 2417 durioris
2274 2349 2617 2417 doctrinae
2674 2352 2922 2420 vitium

695 2462 941 2528 referri
981 2460 1259 2528 deberet
1298 2460 1419 2549 (5),
1457 2500 1538 2509 ——
1571 2460 2006 2531 occasionem
2031 2480 2295 2535 eorum,
2334 2480 2511 2546 quae
2553 2457 2635 2524 de
2677 2459 2926 2526 Stoicis

695 2568 1052 2651 disseruit,
1098 2569 1168 2633 in
1201 2568 1352 2657 ipsa
1409 2589 1618 2634 causa
1651 2564 2047 2634 inveniebat
2096 2584 2109 2631 t
2156 2565 2271 2632 sed
2342 2564 2527 2654 quod
2585 2588 2665 2631 ea
2732 2588 2918 2633 occa=

694 2675 908 2761 510110,
951 2676 1131 2741 510111
1161 2674 1343 2755 fecit,
1389 2696 1559 2740 usus
1601 2680 1728 2757 est,
1772 2672 1840 2739 id
1874 2672 2157 2755 oratori,
2202 2693 2340 2737 non
2374 2693 2649 2753 causae,
2694 2672 2918 2761 impu-

690 2780 980 2847 tandum
1021 2787 1146 2847 est.

781 2887 916 2967 Qui
946 2893 1177 2953 autem
1211 2893 1276 2952 et
1306 2886 1627 2975 perhanc
1667 2888 1889 2976 ipsam
1942 2886 2211 2952 Stoicae
2240 2883 2649 2973 disciplinae
2693 2907 2918 2971 repre-

690 2994 1102 3061 hensionem
1179 2993 1659 3078 inducebatur,
1730 3000 1808 3060 ut
1875 2994 2232 3071 fateretur,
2301 3015 2328 3049 a
2380 3013 2452 3056 50
2509 3012 2784 3079 quoque
2849 2991 2914 3054 11]

686 3101 1158 3168 adulescentia
1204 3100 1514 3166 diffisum
1544 3100 1826 3186 ingenio
1891 3122 2015 3166 suo
2042 3101 2469 3188 quaesivisse
2518 3101 2918 3189 adjumenta

687 3208 1038 3275 doctrinae
1076 3232 1103 3267 s>
1133 3206 1324 3296 (nam
1357 3207 1771 3273 Academiae
1801 3206 2139 3275 doctoreS.
2186 3214 2262 3274 ut
2304 3239 2330 3266 u
2367 3231 2529 3274 suos
2576 3237 2629 3286 »,
2666 3208 2918 3274 Stoicis

687 3313 1105 3404 opponebat)
1153 3313 1279 3403 (6),
1323 3319 1387 3379 et
1437 3336 1616 3379 anno
1652 3320 1801 3401 post
1843 3314 1913 3378 in
1964 3312 2258 3380 Archiae
2301 3335 2507 3379 causa
2548 3311 2723 3379 hanc
2767 3336 2918 3401 pro*

685 3422 1059 3488 sessionem
1087 3420 1396 3509 apertius
1433 3420 1746 3486 iterando
1782 3449 1808 3478 «
1857 3420 2085 3487 studia
2126 3420 2588 3487 humanitatis
2623 3444 2655 3485 D
2694 3419 2788 3509 (7)
2823 3421 2910 3485 ita

684 3526 1011 3594 laudabat
1047 3524 1620 3615 defendebatque,
1666 3532 1742 3594 ut
1789 3549 1894 3608 ea,
1929 3549 2105 3616 quae
2146 3527 2227 3594 de
2273 3528 2595 3594 universa
2632 3551 2665 3589 (1
2708 3524 2914 3592 bona—

687 3656 841 3701 rum
897 3634 1155 3700 artium
1231 3662 1260 3693 »
1323 3634 1646 3699 societate
1723 3634 1815 3719 (8)
1886 3632 2167 3713 diceret,
2237 3632 2316 3701 ad
2394 3630 2910 3722 philosophiam

745 3868 812 3928 (1)
843 3867 911 3916 Ut
936 3866 1132 3915 dicitur
1157 3866 1233 3914 De
1264 3864 1458 3928 Leyib.,
1495 3867 1532 3924 Ι,
1565 3869 1610 3915 9.

736 3937 920 3998 (2.)Cf
952 3939 1011 3986 P
1045 3937 1286 3994 Murena,
1311 3938 1411 3983 45.

750 4010 814 4069 (3)
849 4009 904 4055 P.
927 4008 1166 4066 Mummi,
1196 4010 1279 4057 58-
1284 4009 1359 4066 66,
1390 4034 1446 4041 -
1470 4010 1630 4103 atque
1656 4022 1862 4070 rursus,
1898 4012 1986 4058 ’14
1994 4012 2071 4058 Π.

752 4080 815 4142 (4)
848 4078 923 4127 Cf.
948 4080 1022 4127 De
1046 4079 1239 4129 Finib..
1272 4080 1358 4136 IV,
1381 4081 1439 4126 74
1472 4092 1630 4141 sqq.:
1663 4080 1843 4128 Cicero
1886 4080 2074 4129 Catoni
2114 4082 2420 4131 Stoicorum
2437 4083 2667 4143 patrono
2693 4096 2910 4145 respon-

687 4148 811 4198 det·
802 4188 811 4208 ‚
840 4154 891 4199 et
920 4151 1032 4213 ips
1064 4150 1283 4213 quidem
1310 4151 1384 4198 ait
1415 4163 1470 4197 se
1519 4162 1675 4196 11011(
1663 4150 1884 4211 «jocari
1929 4170 1969 4209 »,
2015 4152 2157 4201 sicut
2206 4168 2230 4203 «
2266 4153 2439 4201 isdem
2466 4151 2527 4199 de
2571 4151 2733 4199 rebus
2786 4166 2910 4201 cum

681 4221 961 4269 Murenam
995 4221 1302 4271 defenderet
1333 4238 1386 4279 »ς
1422 4218 1516 4268 5οᾱ
1545 4219 1612 4268 3(1
1639 4221 1887 4271 03111ᾶο111
1916 4224 2245 4273 sententiam
2276 4236 2491 4273 summa
2524 4220 2906 4285 disputationis

685 4290 786 4340 diri
829 4295 948 4341 itur.

744 4306 824 4417 (mg
839 4354 915 4404 Cf.
943 4346 1006 4403 P‘.
1045 4356 1286 4413 Murena,
1319 4356 1395 4403 60.

745 4425 808 4487 (6)
839 4427 896 4472 P.
927 4427 1168 4484 Murena,
1196 4428 1272 4475 63.

745 4496 809 4557 (7)
838 4497 922 4545 Sic
949 4497 1146 4546 dicitur
1164 4499 1220 4546 111
1246 4512 1321 4547 or.
1346 4500 1404 4549 P.
1429 4503 1670 4558 Murena,
1695 4501 1771 4557 61,
1798 4502 1850 4548 et
1879 4498 1936 4547 P.
1963 4496 2178 4557 Archia,
2212 4502 2255 4549 3.

741 4568 807 4626 (8)
835 4567 909 4617 Cf.
937 4570 987 4615 P.
1027 4568 1209 4627 Arclz„
1243 4572 1269 4616 2
1303 4586 1314 4629 ;
1346 4585 1371 4619 «
1403 4572 1616 4620 Etenim
1645 4584 1835 4619 omnes
1877 4571 2036 4627 artes,
2068 4584 2206 4632 quae
2236 4572 2303 4621 ad
2327 4574 2724 4623 humanitatem
2754 4574 2910 4636 perti=

675 4640 823 4694 nent,
855 4638 1059 4687 hahent
1084 4639 1355 4700 quoddam
1390 4656 1679 4691 commune
1716 4640 1959 4689 vinclum
1985 4644 2038 4690 et
2085 4643 2240 4704 quasi
2293 4647 2614 4708 cognatione
2671 4644 2902 4707 quadam

676 4708 818 4757 111101
847 4722 903 4758 50
925 4711 1288 4760 continentur.
1326 4732 1347 4755 »
