3742 5167
767 1187 913 1259 CAPUT
938 1190 988 1257 lV

435 1400 576 1465 Summo
607 1398 750 1465 rationis
775 1398 932 1466 kactenus
963 1400 1137 1488 onpositoe
1160 1400 1327 1490 repetitur

712 1516 816 1597 utque
837 1505 1060 1574 concluditur.

367 1804 459 1872 Dum
479 1826 531 1885 ea,
560 1825 648 1893 quae
674 1801 720 1869 M.
750 1801 887 1883 Tullius
906 1802 948 1871 de
967 1802 1115 1892 singulis
1136 1800 1368 1893 philosophiis
1396 1803 1438 1871 ad

320 1910 458 1979 dicendi
487 1911 674 1977 utilitatem
703 1910 823 1977 relatis
845 1912 879 1978 in
906 1912 980 1979 suis
1011 1911 1053 1978 de
1074 1912 1216 1978 Oratore
1249 1910 1348 1978 libris
1378 1932 1440 2001 per

321 2018 436 2085 Crassi
461 2018 666 2107 praesertim
693 2040 877 2108 personam
898 2017 1122 2100 disseruerat,
1140 2041 1202 2108 per
1227 2041 1286 2085 eos
1316 2018 1436 2096 libros,

319 2149 407 2216 quos
431 2131 551 2212 postea
570 2126 721 2217 scripsit,
740 2126 997 2215 persequimur,
1014 2127 1180 2216 -ipsam
1196 2128 1437 2216 perspeximus

317 2233 637 2301 constantissimam
663 2231 892 2322 camdemque
915 2233 1148 2300 certissimam
1165 2232 1348 2311 rationem,
1369 2255 1437 2323 quo

318 2341 433 2407 omnis
464 2339 550 2408 haec
585 2340 745 2408 Tulliana
771 2339 1017 2430 philosophiae
1050 2338 1092 2407 ad
1121 2339 1356 2429 eloquentiam
1377 2339 1437 2407 ad-

313 2446 448 2536 junctio
474 2453 631 2537 spectare
661 2447 812 2515 videtur.
843 2449 965 2537 Neque
997 2448 1092 2514 enim
1126 2448 1200 2514 sine
1240 2471 1345 2515 causa
1377 2448 1437 2515 ille

318 2554 463 2621 Crassus
478 2576 497 2621 a
514 2554 678 2622 Cicerone
703 2553 877 2637 inductus,
900 2594 944 2604 -
964 2561 1002 2622 ut
1026 2555 1060 2622 in
1078 2577 1117 2623 ea
1137 2556 1309 2623 sermonis
1325 2563 1434 2645 parte,

318 2683 407 2750 quae
436 2660 478 2728 ad
501 2661 633 2752 copiose
652 2675 836 2751 ornateque
863 2661 1001 2729 dicendi
1029 2662 1297 2750 explicationem
1328 2685 1437 2730 reser-

317 2774 397 2836 vata
429 2775 494 2853 est,
517 2769 757 2857 quaestionem
773 2768 815 2836 de
839 2770 1004 2838 universa
1031 2769 1251 2859 philosophia
1270 2771 1367 2859 prius
1384 2770 1436 2835 in·

317 2874 474 2941 stitutam
485 2876 695 2963 repetiturus
708 2882 742 2943 et
752 2875 794 2942 ad
804 2883 933 2942 certam
942 2876 1434 2965 variarumphilosophiarum

317 2982 540 3049 selectionem
554 2982 779 3065 traducturus
795 2990 858 3064 est,
886 3022 919 3031 —
948 2984 996 3049 ita
1019 2983 1172 3072 primum
1200 2984 1357 3072 opinioni
1376 3004 1434 3049 eo-

316 3110 394 3155 rum
427 3087 644 3172 adversatur,
669 3116 684 3150 «
708 3090 768 3177 qui
793 3094 960 3177 tanquam
987 3086 1030 3155 ab
1049 3093 1167 3154 animo
1193 3110 1318 3176 corpus
1343 3089 1432 3155 sica

314 3197 497 3264 sententiis
517 3197 621 3265 verba
648 3194 836 3285 sejungunt
861 3198 908 3283 (1)
928 3224 956 3263 ».
978 3196 1065 3262 Nam
1086 3195 1178 3283 quod
1198 3193 1291 3261 idem
1307 3194 1340 3259 in
1368 3193 1432 3261 hac

315 3302 391 3391 ipsa
419 3302 655 3392 disputatione
686 3304 808 3370 statuit
837 3332 851 3364 ι(
869 3324 1037 3369 summum
1057 3300 1194 3369 laudem
1220 3301 1432 3389 eloquentiae

315 3430 390 3475 esse
407 3408 620 3497 amplificare
633 3432 705 3475 rem
725 3408 874 3475 ornando
887 3410 935 3499 (2)
952 3438 983 3487 »,
1005 3406 1177 3496 ejusmodi
1194 3408 1348 3496 proiecto
1359 3430 1431 3474 am-

316 3514 564 3603 plificationem
584 3537 604 3581 a
626 3536 662 3580 se
682 3516 921 3582 commendari
942 3517 1027 3581 satis
1048 3514 1234 3603 significat,
1257 3537 1345 3602 quae
1361 3537 1430 3581 non

316 3648 330 3681 o
348 3620 535 3687 verborum
550 3617 770 3689 volubilitate
787 3623 884 3688 inani
895 3623 943 3708 (3)
958 3652 985 3701 »‚
1001 3621 1060 3689 sed
1080 3649 1095 3682 «
1113 3643 1231 3687 rerum
1243 3624 1342 3712 copia
1356 3644 1431 3688 vcr-

314 3726 439 3794 borum
457 3728 594 3816 copiam
617 3729 781 3818 gignente
797 3729 845 3819 (l)
864 3756 879 3790 a
906 3729 1078 3795 efficiatur
1101 3746 1108 3794 ε
1130 3750 1173 3794 ex
1187 3750 1256 3817 quo
1281 3727 1429 3817 intelligi

315 3839 440 3922 potest,
461 3841 635 3901 oratorem
646 3836 688 3901 ad
699 3858 756 3903 eas
767 3843 887 3903 ornate
900 3838 1107 3926 copioseque
1121 3834 1258 3902 dicendi
1268 3836 1428 3915 virtutes,

314 3941 350 4005 in
376 3938 503 4029 quihus
532 3942 687 4008 maxima
714 3940 790 4008 laus
821 3942 1041 4030 eloquentiae
1063 3941 1283 4007 contineatur
1302 3940 1367 4029 (5),
1390 3961 1429 4006 eo

313 4048 458 4137 propius
479 4055 513 4114 et
532 4046 750 4114 commodius
773 4070 995 4116 accessurum
1015 4070 1103 4132 esse,
1129 4048 1222 4134 quod
1246 4047 1283 4132 in
1299 4071 1338 4114 ea
1358 4069 1430 4113 ma·

331 4264 374 4327 ¹(l)
392 4265 430 4313 De
446 4264 502 4324 Or„
513 4264 558 4323 111,
575 4268 603 4314 24
619 4264 656 4329 (et
670 4266 719 4325 19).
734 4262 772 4312 Cl.
787 4277 876 4329 supra,
893 4279 951 4328 cap.
964 4266 983 4322 1,
997 4279 1023 4327 p.
1038 4265 1077 4322 18,
1088 4277 1115 4313 n.
1130 4265 1152 4313 2.

344 4334 377 4397 (2)
390 4335 428 4384 De
447 4335 502 4394 Oen,
519 4336 563 4395 111,
575 4338 629 4386 tot.

343 4405 375 4467 (3)
392 4407 432 4455 lta
444 4405 565 4468 loquitur
574 4408 631 4470 ipse
647 4406 737 4456 Cicero
750 4406 779 4454 in
793 4405 942 4469 prooemio,
958 4405 978 4463 I,
995 4407 1023 4453 n
1041 4405 1089 4466 (Gi.
1103 4408 1151 4468 20).

343 4476 375 4539 (t)
393 4478 428 4527 De
447 4477 500 4535 Or..
517 4478 561 4537 tlt,
589 4480 652 4538 1253
677 4505 706 4512 -
726 4476 763 4525 Cf.
792 4478 834 4526 121
857 4478 878 4538 (a
906 4476 1098 4539 complendum
1125 4480 1220 4542 pectus
1247 4480 1428 4529 maximarum

311 4561 401 4595 rerum
414 4549 526 4612 copia...
542 4551 574 4610 nt,
590 4552 616 4599 et
630 4552 674 4597 142
687 4548 711 4610 (α
722 4548 829 4612 copiam
842 4562 932 4597 rerum
946 4548 1130 4612 orationisque
1144 4552 1177 4610 a).
1190 4548 1263 4598 -Cl
1277 4551 1358 4601 etiam
1372 4552 1427 4598 An-

311 4618 418 4667 tonium
433 4619 462 4668 in
476 4619 545 4669 libro
557 4621 576 4679 l,
593 4623 637 4669 250
651 4621 773 4682 (cap.59),
790 4622 816 4668 et
829 4622 861 4678 ll,
876 4621 929 4669 tto.

344 4689 376 4750 (5)
393 4688 430 4739 ct.
447 4691 485 4739 De
499 4690 553 4750 Or,
570 4692 614 4750 lll,
628 4693 667 4740 52.
