3742 5167
1565 585 1958 649 -101—

648 752 906 807 delecter
930 757 1032 807 aut
1064 758 1199 808 utar
1228 752 1470 807 omnino
1520 750 1758 819 litteris,
1821 767 1974 821 quae
2026 755 2264 805 nostros
2303 751 2534 806 animos
2584 750 2887 805 deterrent

646 847 823 912 atque
876 846 1122 897 avocant
1157 858 1190 895 a
1228 841 1534 913 religione.
1595 841 1710 911 Ego
1760 857 1898 895 vero
1929 840 2188 910 primum
2245 840 2433 894 habeo
2488 844 2759 894 auctores
2815 857 2882 895 ac

642 930 952 1001 magistros
991 928 1343 1000 religionum
1384 929 1774 984 colendarum
1801 930 2062 999 majores
2120 934 2378 995 nostrOS,
2426 946 2684 999 quorum
2733 930 2882 985 mihi

639 1022 806 1073 tanta
845 1017 1030 1072 fuisse
1063 1018 1351 1088 sapientia
1378 1018 1632 1084 videtur,
1665 1022 1731 1072 ut
1760 1019 1902 1072 satis
1925 1034 2223 1088 superque
2266 1018 2585 1088 prudentes
2611 1020 2750 1086 sint,
2777 1019 2880 1090 qui

641 1107 881 1161 illorum
921 1107 1300 1177 prudentiam
1332 1123 1452 1162 non
1481 1106 1674 1161 dicam
1705 1107 1965 1176 assequi,
2006 1107 2129 1175 sed,
2165 1112 2394 1177 quanta
2418 1106 2617 1176 fuerit,
2646 1108 2882 1178 perspi-

642 1212 774 1251 cere
819 1196 1114 1267 possint...
1168 1195 1411 1261 Deinde,
1467 1196 1517 1249 si
1577 1195 1721 1265 quid
1769 1195 1948 1250 habui
1990 1196 2115 1263 otii,
2151 1196 2332 1250 etiam
2392 1197 2637 1267 cognovi
2693 1196 2885 1252 multa

639 1285 912 1341 homines
968 1285 1172 1339 doctos
1225 1284 1638 1356 sapientesque
1714 1290 1772 1339 et
1843 1285 2062 1339 dixisse
2114 1289 2172 1339 et
2228 1286 2450 1356 scripta
2503 1286 2572 1340 de
2628 1286 2877 1341 deorum

642 1374 1071 1429 immortalium
1130 1374 1377 1429 numine
1425 1374 1773 1445 reliquisse;
1826 1366 1980 1444 quae
2024 1390 2367 1445 quanquam
2427 1375 2708 1429 divinitus
2748 1391 2880 1445 per-

642 1463 863 1533 scripta
899 1463 1090 1527 vide0,
1119 1467 1319 1519 tamen
1360 1464 1650 1534 ejusmodi
1677 1467 1837 1530 sunt,
1866 1469 1934 1518 ut
1981 1480 2050 1518 ea
2078 1464 2337 1534 majores
2367 1464 2556 1519 nostri
2610 1463 2879 1520 docuisse

642 1551 796 1619 illos,
830 1568 952 1607 non
979 1553 1052 1630 ab
1075 1552 1191 1606 illis
1217 1552 1494 1609 didicisse
1533 1551 1851 1608 videantur
1880 1553 2019 1623 (1)...
2061 1572 2091 1604 »

732 1744 844 1811 Sic
873 1745 939 1809 in
975 1743 1096 1809 eis.
1144 1764 1320 1831 quae
1360 1742 1444 1809 ad
1489 1770 1519 1802 «
1566 1742 1975 1832 religionem
2013 1769 2042 1802 »
2077 1741 2535 1832 pertinebant,
2560 1742 2875 1809 eamdem

645 1852 984 1917 rationem
1051 1848 1621 1939 persequebatur,
1675 1870 1886 1938 quam
1927 1848 2132 1915 modo
2186 1849 2598 1934 agnovimus
2624 1851 2691 1914 in
2745 1850 2868 1927 eiS,

643 1980 815 2044 quae
854 1956 939 2023 ad
991 1958 1141 2046 ipsa
1204 1963 1371 2023 bene
1430 1955 1708 2024 vivendi
1773 1961 2133 2045 praecepta
2189 1953 2588 2045 spectabant
2642 1975 2655 2021 ε
2704 1954 2870 2021 dum

639 2065 826 2130 enim
855 2064 1238 2152 profitetur,
1275 2086 1346 2129 se
1417 2091 1446 2122 «
1504 2084 1638 2129 non
1692 2062 2016 2128 delectari
2080 2068 2200 2127 aut
2257 2061 2374 2128 uti*
2422 2062 2708 2128 omnino
2770 2063 2875 2128 bis

640 2170 919 2254 litteris,
980 2191 1157 2258 quae
1231 2170 1500 2236 animos
1555 2169 1951 2236 deterreant
2002 2174 2211 2257 atque
2262 2175 2553 2235 avocent
2617 2191 2653 2235 a
2712 2170 2873 2235 reli-

640 2278 846 2364 gione
893 2306 949 2354 »,
980 2277 1358 2365 Epicureos
1385 2275 1604 2364 rejicit
1625 2284 1951 2365 [quorum
1979 2275 2061 2341 de
2092 2273 2196 2341 dis
2222 2276 2621 2364 opinionem
2656 2275 2758 2364 (2)
2789 2277 2873 2344 ad

639 2383 1020 2451 tollendam
1066 2411 1096 2444 «
1145 2385 1498 2472 pietatem,
1536 2384 1999 2463 sanctitatem,
2047 2382 2459 2470 religionem
2516 2410 2547 2442 »
2599 2381 2875 2448 tendere

643 2490 790 2580 ipse
825 2491 892 2556 in
951 2492 1171 2579 primo
1203 2490 1284 2556 de
1317 2504 1568 2556 natura
1609 2488 1890 2555 deorum
1917 2487 2093 2557 libro
2126 2487 2221 2577 (3)
2250 2488 2597 2577 exposuit]
2626 2510 2639 2565 ;
2708 2487 2874 2554 dum

638 2596 1051 2663 autemillos
1095 2596 1392 2663 «doctos
1424 2597 1916 2686 sapientesque
1961 2595 2283 2662 homines
2336 2623 2365 2655 »
2414 2617 2575 2684 prae
2615 2618 2685 2661 se
2713 2594 2869 2678 fert,

640 2725 941 2793 quorum
968 2704 1376 2771 auctoritate
1417 2726 1495 2770 ea
1534 2702 2020 2770 commendata
2060 2703 2278 2769 fuisse
2323 2702 2446 2783 ait,
2496 2724 2671 2790 quae
2713 2723 2873 2769 cum

638 2810 980 2898 majorum
1011 2811 1351 2898 sapientia
1381 2815 1448 2876 et
1480 2809 1937 2898 religionibus
1958 2814 2445 2897 congruerent,
2478 2807 2625 2897 ejus
2654 2809 2872 2874 oratio

640 2938 760 3005 per
790 2917 1106 2983 eamdem
1146 2918 1426 2983 tacitam
1465 2917 1973 2991 confusionem,
2036 2915 2118 2982 de
2180 2938 2316 3004 qua
2350 2913 2495 3003 jam
2537 2914 2867 2998 diximuS,

635 3022 719 3089 ad
743 3022 897 3090 illos
928 3024 1252 3113 antiquos
1285 3023 1698 3091 Academiae
1735 3024 2081 3111 principes
2123 3044 2260 3088 non
2292 3021 2528 3087 minus
2551 3044 2758 3109 quam
2787 3021 2870 3088 ad

637 3128 902 3196 Stoicos
931 3139 1240 3218 spectare
1263 3130 1561 3197 videtur.
1601 3131 2023 3219 Quanquam
2064 3127 2148 3195 ad
2208 3128 2476 3194 Stoicos
2537 3129 2765 3215 potius
2798 3152 2869 3195 se

637 3234 1034 3301 conferebat
1080 3238 1151 3302 in
1210 3238 1670 3326 argumentiS,
1738 3260 1915 3326 quae
1974 3236 2058 3304 ad
2107 3235 2288 3302 hanc
2340 3236 2871 3324 congruentiam

633 3342 1179 3408 confirmandam
1220 3342 1320 3409 sic
1359 3343 1726 3432 colligebat
1760 3366 1771 3410 :

708 3544 730 3576 κ
773 3525 1005 3579 Etenim
1033 3526 1170 3596 quis
1190 3530 1281 3580 est
1318 3531 1439 3581 tam
1476 3544 1741 3593 vaecorS‚
1777 3530 1879 3599 qui
1907 3533 2029 3597 aut,
2059 3545 2192 3585 cum
2228 3529 2494 3598 suspexit
2524 3529 2582 3582 in
2612 3527 2864 3595 caelum,

631 3614 774 3669 deos
797 3630 925 3668 esse
951 3630 1073 3668 non
1093 3615 1312 3670 sentiat
1337 3621 1394 3670 et
1419 3633 1506 3684 ea,
1542 3633 1692 3687 quae
1720 3623 1885 3673 tanta
1907 3623 2103 3673 mente
2127 3619 2298 3685 fiunt,
2331 3625 2398 3673 ut
2425 3618 2522 3671 vix
2551 3616 2866 3687 quisquam

631 3707 754 3756 arte
785 3701 912 3757 ulla
941 3703 1213 3758 ordinem
1239 3720 1438 3760 rerum
1479 3722 1547 3760 ac
1592 3707 2095 3762 necessitudinem
2145 3707 2422 3778 persequi
2458 3707 2667 3776 possit,
2725 3722 2865 3760 casu

633 3790 760 3845 fieri
791 3794 977 3861 putet,
1010 3796 1130 3860 aut,
1183 3809 1320 3847 cum
1360 3795 1502 3849 deos
1555 3812 1684 3850 esse
1730 3795 2110 3863 intellexerit,
2145 3812 2266 3851 non
2318 3795 2607 3866 intelligat
2658 3810 2865 3849 eorum

632 3879 876 3934 numine
903 3880 1015 3935 hoc
1047 3885 1280 3936 tantum
1321 3881 1637 3953 imperium
1670 3902 1798 3940 esse
1827 3890 2036 3939 natum
2069 3889 2127 3939 et
2165 3889 2408 3940 auctum
2440 3890 2498 3939 et
2526 3884 2865 3939 retentum?

631 3969 816 4033 Quam
831 3968 1105 4023 volumus
1136 3969 1292 4036 licet,
1317 3976 1517 4041 patres
1549 3975 1888 4045 conscripti,
1919 3974 2030 4043 ipsi
2059 3990 2169 4028 nos
2200 3990 2491 4037 amemus,
2522 3977 2721 4026 tamen
2754 3988 2863 4027 nec

631 4073 882 4112 numero
925 4058 1215 4128 Hispanos
1245 4076 1355 4115 nec
1379 4062 1592 4116 robore
1626 4063 1819 4118 Gallos
1841 4079 1952 4117 nec
1975 4063 2295 4118 calliditate
2319 4063 2551 4116 Poenos
2582 4078 2691 4115 nec
2721 4061 2865 4114 arti-

632 4146 739 4200 bus
771 4148 1027 4202 Graecos
1056 4164 1166 4203 nec
1197 4148 1453 4219 denique
1484 4151 1597 4205 hoc
1628 4153 1749 4222 ipso
1784 4152 1963 4220 hujus
1995 4151 2185 4221 gentis
2214 4167 2282 4205 ac
2314 4156 2504 4205 terrae
2536 4150 2860 4204 domestico

631 4234 952 4304 nativoque
983 4251 1166 4290 sensu
1193 4239 1371 4292 Italos
1401 4239 1560 4309 ipsos
1600 4256 1667 4295 ac
1721 4241 1976 4307 LatinOS,
2024 4241 2128 4295 sed
2171 4241 2390 4311 pietate
2449 4255 2518 4294 ac
2573 4237 2861 4310 religione

692 4452 759 4512 (1)
782 4452 855 4500 De
890 4451 1241 4515 Haruspicum
1266 4469 1534 4518 responso,
1571 4457 1726 4505 18-19.

691 4523 756 4584 (2)
781 4524 914 4572 Eam
936 4537 1064 4572 suae
1087 4524 1143 4571 in
1164 4526 1407 4575 Pisonem
1438 4527 1671 4576 orationi
1701 4529 2105 4591 inserebat(59),
2135 4528 2265 4578 dum
2289 4528 2540 4577 Pisonem
2565 4527 2628 4578 de
2660 4525 2861 4590 suppli-

628 4593 929 4643 cationibus
980 4595 1023 4654 («
1047 4608 1181 4656 quas
1213 4596 1264 4645 di
1294 4597 1644 4661 neglegunt...
1666 4601 1765 4648 etc.
1803 4619 1824 4642 υ
1848 4599 1924 4650 Cf.
1956 4615 2116 4664 supra
2140 4615 2188 4663 p.
2215 4601 2291 4660 88)
2326 4599 2682 4648 disserentem
2711 4598 2856 4646 facit.

690 4667 758 4725 (3)
788 4664 906 4727 lpse
953 4665 1182 4728 loquens
1237 4669 1292 4717 in
1327 4670 1621 4733 prooemiO,
1646 4674 1691 4730 3,
1722 4696 1783 4707 —
1813 4674 1865 4722 et
1900 4685 2087 4722 rursus
2120 4673 2176 4720 in
2207 4674 2448 4721 extrema
2497 4673 2647 4734 parte
2674 4670 2860 4718 Cottae

627 4734 1010 4798 disputationis
1045 4737 1314 4801 (121-124).
