3742 5167
904 489 1079 555 ..56-

436 652 535 738 teria,
561 674 650 742 quae
670 652 702 721 ei
723 650 878 743 subjecta
898 654 945 722 sit
964 654 1012 744 (in
1033 654 1198 725 omuibus
1213 657 1387 741 videlicet,
1409 682 1497 748 quae
1512 659 1554 727 ad

437 761 620 828 hominum
632 762 739 827 vitam
757 761 966 850 pertineant)
984 762 1044 851 (1),
1063 787 1079 829 c
1094 786 1212 831 rerum
1228 766 1364 854 copiam
1380 791 1396 831 ι
1413 764 1456 833 ab
1469 766 1556 855 ipsis

434 868 654 958 philosophis
672 870 857 958 repetierit.
873 869 965 935 Dum
981 880 1099 937 autem
1116 870 1356 961 philosophiae
1378 871 1420 938 ad
1441 871 1556 940 diceu-

434 974 518 1042 dum
528 976 715 1042 utilitatem
731 975 779 1041 sic
795 973 1073 1064 comprehendit,
1094 1000 1161 1043 nou
1174 979 1350 1046 immerito
1363 980 1408 1045 M.
1422 979 1557 1046 Tullius

435 1081 572 1150 dicendi
592 1081 758 1148 studiosis
774 1103 831 1149 eos
853 1082 1075 1171 potissimum
1096 1082 1323 1174 philosophos
1339 1083 1555 1173 designabat,

437 1213 457 1257 a
479 1188 608 1279 quibus
628 1188 771 1272 eisdem,
793 1188 895 1254 simul
918 1195 1022 1277 atquo
1051 1211 1169 1264 rerum
1198 1192 1308 1277 copia,
1327 1192 1403 1280 ipsa
1423 1191 1557 1259 dicendi

438 1296 592 1364 suavitas
607 1302 640 1363 et
655 1296 808 1385 copia(2)
826 1317 885 1384 per
902 1295 1080 1362 assiduam
1101 1298 1385 1364 exercitationem
1401 1298 1558 1366 tradere·

435 1410 504 1472 tur.
534 1402 604 1470 Nec
635 1426 716 1470 vero
746 1402 831 1469 baec
857 1401 1148 1469 Academicorum
1176 1404 1559 1496 Peripateticorumque

436 1510 637 1577 exercitatio
653 1532 693 1577 eo
713 1509 826 1576 solum
847 1509 1169 1591 commendabatur,
1197 1511 1288 1601 quod
1307 1536 1368 1602 per
1397 1536 1474 1579 eam
1502 1535 1558 1600 po-

440 1617 615 1684 tissimum
637 1622 753 1684 orator
773 1615 839 1683 hoc
873 1619 1038 1705 consequi
1060 1625 1189 1707 posset,
1203 1624 1240 1685 ut
1268 1642 1285 1684 u
1309 1642 1426 1686 rerum
1448 1617 1560 1687 abun-

436 1723 622 1791 dentiam»
643 1724 754 1791 oratio
781 1722 885 1811 polita
901 1733 934 1790 et
954 1731 1078 1791 ornata
1093 1726 1192 1815 quasi
1213 1733 1335 1815 sponte
1356 1749 1420 1794 sua
1435 1750 1559 1817 seque·

439 1837 536 1898 retur
550 1831 598 1921 (3)
617 1853 624 1913 ;
644 1830 703 1898 sed
716 1831 837 1899 eadem
851 1830 893 1899 ad
909 1854 967 1899 eos
980 1832 1074 1920 ipsos
1088 1833 1175 1899 lo'cos
1190 1832 1393 1922 pertinebat,
1412 1856 1561 1923 quorum

439 1938 532 2004 facili
547 1939 751 2005 tractatione
772 1930 827 2005 res
850 1976 888 1986 -
909 1940 1085 2028 apropria
1104 1961 1143 2006 ac
1169 1938 1311 2015 definita
1338 1940 1495 2008 hominis
1523 1965 1562 2009 ac

438 2046 605 2133 temporis
621 2044 663 2112 ad
678 2067 901 2111 communem
915 2047 1157 2134 quaestionem
1165 2048 1322 2114 universi
1336 2048 1475 2137 generis
1494 2054 1562 2114 tra-

439 2151 542 2219 ducta
573 2151 621 2242 (d)
639 2150 835 2219 -ditatari
852 2157 884 2217 et
909 2151 1116 2239 amplificari
1146 2150 1302 2218 ornando
1330 2151 1378 2241 (ὃ)
1409 2153 1561 2218 maxime

441 2265 583 2351 posset:
609 2280 692 2325 nam
714 2258 807 2348 quod
828 2259 861 2323 in
892 2256 1064 2346 ejusmodi
1086 2258 1170 2325 locis
1198 2257 1348 2324 orationi
1369 2257 1563 2325 inserendis

440 2365 559 2433 Cicero
579 2363 740 2431 admouet
763 2366 819 2454 (6),
858 2371 1066 2432 «oratorem
1089 2389 1105 2429 r
1130 2386 1267 2432 suum«
1299 2386 1368 2430 non
1390 2366 1564 2453 Peripate·

438 2472 584 2539 ticorum
613 2493 720 2550 more,
743 2470 804 2537 sed
829 2472 1009 2561 aliquanto
1026 2472 1209 2538 nervosius
1228 2499 1243 2531 u
1275 2472 1449 2537 dicturum
1475 2493 1561 2551 esse,

440 2578 506 2644 hoc
525 2579 600 2667 ipso
615 2578 700 2644 satis
722 2578 908 2666 significat,
933 2578 1021 2644 hanc
1051 2607 1064 2636 α
1093 2577 1289 2665 elegantem
1310 2578 1354 2644 ab
1378 2578 1564 2644 Aristotele

439 2685 664 2751 constitutam
682 2686 965 2751 exercitationem
983 2683 1052 2752 »ad
1072 2682 1375 2773 eloquentiamvel
1391 2683 1564 2749 forensem

441 2791 720 2881 quamproxime
740 2792 904 2859 accedere
932 2790 998 2857 sibi
1014 2790 1139 2857 videri.

486 2898 556 2964 Nec
576 2920 658 2965 vero
683 2899 979 2980 fortuitoincidit,
1013 2905 1049 2965 ut
1086 2904 1224 2988 peracto
1257 2896 1565 2964 demonstrationis

439 3012 576 3071 nostrae
592 3007 691 3095 quasi
711 3004 886 3072 curriculo
918 3001 960 3069 ad
984 3025 1061 3069 cam
1088 3004 1203 3091 ipsam
1234 3002 1404 3069 rationem
1426 3000 1566 3068 reduca-

442 3135 534 3197 mur,
555 3135 664 3203 quam
692 3112 734 3179 de
755 3111 837 3179 locis
864 3134 882 3177 e
919 3110 1141 3200 philosophia
1171 3110 1212 3177 ad
1246 3109 1437 3177 oratorium
1462 3129 1566 3175 usum

442 3220 656 3288 arcessendis
671 3221 815 3288 allatam
832 3218 986 3308 primum
1007 3216 1215 3284 notabamus
1232 3236 1239 3284 :
1257 3216 1386 3304 quippe
1401 3237 1481 3281 cum
1498 3214 1566 3282 alio

442 3328 548 3396 etiam
579 3326 679 3394 modo
708 3326 849 3417 agnosci
879 3325 1001 3414 possit,
1043 3323 1147 3413 hujus
1177 3324 1398 3412 potissimum
1425 3321 1568 3388 rationis
1674 3403 1676 3406 Ι

442 3441 620 3501 momento
636 3443 657 3500 a
676 3455 815 3501 summa
831 3431 1076 3520 philosophiae
1090 3429 1349 3519 cognoscendae
1366 3429 1568 3495 necessitate

442 3540 484 3607 ad
502 3540 814 3630 Peripateticorum
828 3537 1188 3625 Academicorumque
1205 3536 1427 3603 selectionem
1444 3557 1567 3623 quaes-

442 3652 575 3714 tionem
590 3646 785 3714 traductam
810 3668 899 3712 esse.
928 3646 1017 3711 Nam
1039 3645 1073 3708 iu
1095 3642 1266 3733 ejusmodi
1287 3642 1452 3721 utilitate,
1479 3663 1568 3730 quae

444 3754 479 3819 iu
517 3753 758 3841 pernoscendis
789 3753 973 3819 hominum
993 3752 1128 3818 naturis
1160 3750 1202 3816 ad
1228 3748 1425 3816 tractandos
1446 3769 1567 3814 eorum

445 3860 580 3927 animos
598 3861 802 3948 ponebatur,
831 3860 964 3927 nullam
982 3881 1124 3925 oausam
1141 3857 1312 3947 prolatam
1327 3854 1493 3931 vidimuS,
1508 3874 1570 3919 cur

447 3972 560 4033 certae
575 3965 781 4055 disciplinae
817 3966 896 4033 aliis
915 3965 1186 4046 anteferrentur,
1205 4003 1243 4011 —
1265 3961 1467 4049 etquidem,
1488 3980 1568 4025 cum

444 4071 487 4137 ad
518 4094 596 4137 eam
616 4094 691 4139 rem
709 4073 822 4161 ipsam
856 4076 999 4160 propter
1018 4091 1054 4135 se
1071 4068 1361 4136 considerandam
1392 4065 1511 4132 Cicero
1532 4085 1568 4129 se

480 4276 512 4339 (t)
529 4277 568 4327 Gt.
582 4278 620 4327 De
633 4277 687 4337 Or,
701 4278 746 4337 ltl,
763 4280 801 4326 54.

479 4348 512 4410 (2)
529 4348 603 4399 Sicut
614 4347 713 4399 dicitur
724 4350 752 4397 in
767 4350 859 4406 Bruto,
876 4349 929 4396 120.
945 4348 1104 4412 (Gt.,supra,
1117 4362 1142 4411 p.
1156 4347 1205 4410 ta.)

480 4421 513 4482 (3)
525 4419 563 4468 Gt.
579 4421 614 4469 Dc
628 4419 683 4479 Or„
702 4422 746 4480 ttt,
759 4422 802 4469 125
815 4420 953 4482 (extremis
969 4419 1068 4482 verbis)

481 4489 513 4552 tt)
530 4491 570 4539 tta
582 4490 679 4541 dicitur
698 4492 727 4540 in
739 4492 828 4550 Rruto,
841 4493 894 4539 322.

480 4560 512 4623 (5)
529 4560 576 4620 Ch,
591 4563 627 4610 De
645 4562 698 4620 Or,
715 4563 760 4621 tlt,
779 4564 837 4624 tot,
853 4562 1029 4621 or.,125-126.

483 4632 515 4692 (6)
530 4630 567 4681 Gi.
582 4632 667 4691 Orat,
686 4635 738 4683 tur.
759 4662 786 4669 -
802 4632 840 4683 Cf.
860 4647 952 4696 supra,
968 4648 994 4696 p.
1012 4634 1049 4680 50.
