3742 5167
1900 543 2255 610 -44-

963 714 1196 803 ipsum
1225 736 1265 780 a
1327 713 1696 782 Socraticis
1737 711 2175 780 sermonibus
2220 712 2583 801 repetiisse
2638 733 2677 777 a
2730 709 2976 778 Crasso
3023 712 3197 779 dici-

968 826 1083 887 tur
1123 820 1216 910 (1)
1254 841 1267 885 ε
1301 820 1419 887 sed
1452 808 1626 887 illud
1669 819 2104 888 Socraticum
2143 816 2529 885 disserendi
2579 840 2801 903 genus
2855 819 3200 888 Arcesilas

964 950 1044 995 eo
1072 928 1555 995 immutavisse
1594 928 1895 1007 videtur,
1942 927 2120 1017 quod
2158 928 2473 994 Socrates
2512 927 2940 993 minutarum
2980 928 3195 997 inter·

969 1034 1613 1123 rogatiuncularum
1663 1035 2046 1103 subtilitate
2087 1035 2315 1125 potius
2361 1033 2817 1123 uteretur(2),
2850 1035 3198 1102 Arcesilas

973 1164 1131 1208 vero
1163 1140 1534 1208 orationem
1545 1156 1954 1231 perpetuam
2009 1140 2344 1207 libentius
2384 1138 2780 1208 adhibuerit
2825 1139 2919 1231 (3)
2958 1166 2976 1225 ς
3020 1141 3199 1209 hanc

966 1254 1150 1315 certe
1181 1248 1267 1315 ab
1323 1248 1634 1315 Arcesila
1691 1250 2078 1315 institutam
2119 1253 2358 1315 contra
2397 1270 2629 1325 omne,
2667 1248 2849 1337 quod
2884 1250 3196 1338 proposi-

967 1362 1114 1422 tum
1148 1361 1351 1434 esset,
1400 1355 1783 1422 disserendi
1839 1356 2183 1422 rationem
2250 1354 2634 1421 Carneades
2687 1354 2948 1444 majore
2988 1357 3196 1422 etiam

963 1462 1240 1550 copiose
1270 1468 1648 1551 ornateque
1674 1461 1950 1529 dicendi
1982 1461 2309 1528 facultate
2340 1460 2812 1527 illustraverat
2852 1460 2970 1549 (4).
3013 1483 3196 1528 eam-

965 1589 1099 1655 que
1140 1569 1735 1657 praestantissimo
1777 1568 2216 1657 eloquentiae
2261 1567 2576 1656 exemplo
2638 1566 3193 1634 commendatam

967 1674 1422 1741 sectatoribus
1484 1675 1632 1741 suis
1694 1674 2093 1742 tradiderat.
2164 1674 2409 1762 Itaque
2481 1674 2832 1741 Antonius
2912 1697 2991 1741 eo
3044 1674 3194 1741 loco

969 1780 1206 1871 (quem
1231 1780 1435 1848 modo
1469 1779 2043 1870 memoravimus)
2078 1777 2438 1869 (5),ubide
2463 1777 2688 1845 tribus
2717 1778 2854 1845 illis
2886 1779 3192 1868 philoso-

965 1887 1123 1976 phis
1145 1888 1682 1955 Atheniensium
1707 1887 1891 1977 apud
1925 1893 2241 1954 senatum
2267 1886 2512 1975 legatis
2552 1885 2889 1973 loquitur,
2916 1924 2999 1934 —
3025 1884 3192 1952 dum

966 1994 1273 2062 Critolao
1315 1995 1775 2084 Peripatetico
1826 2001 2108 2084 propter
2144 1992 2397 2059 tradita
2454 1992 2850 2059 Aristotelis
2912 1992 3196 2059 inventa

965 2100 1119 2190 plus
1150 2123 1360 2189 quam
1387 2102 1678 2189 Diogeni
1710 2101 1939 2167 Stoico
1972 2100 2366 2167 adoratoris
2400 2121 2604 2166 usum
2636 2100 2909 2180 tribuit,
2937 2140 3020 2150 —
3053 2122 3193 2166 non

966 2206 1227 2295 injuria
1255 2207 1553 2296 ponebat
1580 2209 1759 2274 inter
1819 2208 2200 2275 Critolaum
2249 2207 2575 2275 eumdem
2638 2214 2704 2273 et
2769 2207 3191 2275 Carneadem

964 2313 1142 2379 hanc
1170 2312 1660 2398 differentiam,
1693 2314 1874 2402 quod
1898 2315 2074 2382 alter
2104 2313 2188 2380 ad
2219 2314 2506 2380 oratorii
2556 2313 2767 2381 studii
2819 2314 3190 2382 utilitatem

966 2426 1331 2508 praecepta
1369 2443 1533 2488 sane
1582 2423 1882 2491 afferret.
1928 2421 2214 2488 alterius
2256 2443 2419 2511 vero
2486 2422 2638 2509 ipsa
2678 2451 2707 2481 «
2758 2422 2860 2488 vis
2898 2421 3193 2488 incredi-

964 2526 1123 2592 bilis
1179 2525 1449 2593 dicendi
1503 2534 1567 2593 et
1629 2530 1935 2594 varietas
1998 2555 2027 2588 »
2094 2529 2350 2593 oratori
2391 2529 2693 2595 maxime
2734 2558 2762 2589 «
2814 2527 3112 2617 optanda
3158 2558 3185 2589 »

962 2640 1144 2700 esset
1171 2633 1283 2722 (6).
1325 2636 1577 2723 Atque,
1613 2642 1689 2700 ut
1729 2657 1969 2723 parem
2029 2632 2302 2700 dicendi
2361 2635 2763 2702 facultatem
2823 2634 3191 2702 Carneadis

961 2739 1286 2830 discipuli
1308 2764 1448 2808 non
1478 2743 1777 2808 assecuti
1808 2750 2039 2809 essent
2070 2743 2190 2829 (7),
2225 2744 2372 2832 ipse
2412 2749 2595 2809 certe
2654 2741 3191 2831 philosophandi

959 2846 1208 2914 modus
1231 2846 1314 2915 ad
1337 2848 1789 2915 exercendam
1809 2849 2277 2939 eloquentiam
2303 2850 2603 2916 maxime
2634 2848 3192 2916 accommodatus

961 2976 1083 3041 per
1115 2976 1231 3020 eos
1272 2954 1671 3022 remanebat
1734 2957 1820 3043 (8)
1861 2979 2121 3045 :quam
2163 2955 2444 3045 quidem
2504 2955 2851 3044 duplicem
2894 2953 3190 3021 Carnea-

958 3059 1109 3127 diae
1139 3060 1545 3150 disciplinae
1575 3063 1721 3130 vim
1755 3064 2149 3150 exprimens
2177 3062 2379 3129 Philo
2408 3063 2748 3129 recentior
2778 3060 3190 3129 Academiae

958 3168 1245 3235 antistes
1270 3170 1621 3257 propriam
1652 3169 2014 3237 rhetorum
2055 3170 2618 3236 exercitationem
2672 3191 2830 3235 cum
2888 3167 3192 3257 philoso-

956 3401 1198 3518 F(1)bCf.
1230 3404 1306 3451 De
1335 3403 1420 3453 Or.
1459 3404 1547 3462 111,
1590 3405 1646 3453 6‘1
1684 3405 1728 3466 (α
1770 3418 2085 3468 quanquam
2118 3404 2172 3454 id
2215 3404 2317 3454 fuit
2368 3404 2703 3455 Socraticum
2737 3404 3037 3468 maxime»)
3072 3420 3084 3465 ;
3121 3405 3191 3454 De

1001 3471 1079 3519 ini
1118 3509 1129 3520 .
1154 3473 1218 3531 ll,
1260 3476 1305 3520 2.

1021 3544 1086 3605 (2)
1115 3564 1136 3587 α
1168 3545 1348 3595 Potius
1386 3563 1408 3592 »
1439 3544 1679 3605 dicimus,
1707 3560 1846 3595 non:
1881 3547 2038 3595 unice
2069 3562 2082 3607 3
2114 3561 2243 3596 nam
2265 3550 2318 3597 et
2356 3548 2413 3595 in
2438 3547 2625 3599 multis
2655 3547 2886 3612 dialogis
2914 3548 3190 3611 praeclara

955 3613 1266 3678 longiorum
1291 3616 1600 3666 orationum
1625 3617 1870 3681 exempla
1902 3620 2029 3667 sunt
2057 3618 2185 3690 etKin
2210 3616 2441 3681 dialogo,
2466 3619 2559 3682 qui
2585 3618 2853 3682 Sophistes
2878 3620 3190 3670 inscribitur

957 3685 1026 3748 (p.
1057 3688 1144 3734 217
1173 3688 1252 3749 D),
1276 3687 1392 3751 ipse
1437 3688 1684 3738 Socrates
1730 3690 2013 3753 optionem
2038 3691 2180 3739 inter
2210 3691 2513 3739 orationem
2541 3693 2857 3753 perpetuam
2890 3693 2943 3739 et
2966 3691 3187 3739 interro-

953 3756 1299 3819 gatiunculas
1333 3760 1595 3822 proponit.
1633 3761 1698 3808 Et
1728 3774 1856 3810 sane
1902 3760 2103 3818 Cicero,
2160 3775 2473 3824 quanquam
2522 3776 2679 3810 suam
2741 3762 3049 3812 Platonicae
3080 3763 3164 3812 elo

955 3829 1209 3889 quentiae
1235 3829 1654 3880 admirationem
1678 3845 1790 3880 non
1820 3832 1992 3881 semel
2017 3833 2359 3896 significavit,
2389 3837 2660 3882 oratorem
2708 3847 2821 3882 non
2862 3833 2970 3882 nisi
3001 3833 3068 3883 ad
3105 3834 3185 3883 vi-

955 3901 1148 3961 gentes
1175 3903 1351 3950 aetate
1387 3916 1486 3950 sua
1508 3902 1889 3966 philosophias
1921 3904 2285 3953 convertebat.

1018 3971 1082 4032 (3)
1134 3970 1454 4035 Quanquam
1495 3974 1802 4036 patiebatur
1845 3975 1918 4037 (id
1958 3975 2101 4039 quod
2150 3979 2342 4039 postea
2392 3989 2505 4024 non
2554 3977 2835 4039 remansit)
2903 3991 3049 4035 eum,
3091 3978 3184 4041 qui

955 4040 1267 4173 pludifbann
1326 4043 1504 4107 quoad
1585 4049 1834 4109 poterant
1914 4046 2241 4096 sententiam
2308 4061 2466 4097 suam
2514 4046 2800 4097 defendere
2858 4048 2953 4111 (De
3009 4048 3183 4097 Finib.

1009 4182 1075 4236 (4)
1108 4183 1184 4232 Cf.
1214 4185 1381 4234 Acad.
1396 4186 1564 4250 prior.
1603 4189 1667 4246 ll,
1697 4191 1781 4238 60:
1815 4209 1836 4231 «
1869 4226 1902 4236 ..
1937 4189 2042 4238 nisi
2071 4191 2224 4238 tanta
2255 4189 2310 4237 in
2341 4188 2595 4250 Arcesila,
2625 4191 2797 4240 multo
2825 4192 2999 4254 major
3022 4192 3186 4241 etiam

958 4254 1015 4302 in
1045 4255 1314 4306 Carneade
1331 4262 1384 4307 et
1411 4260 1566 4322 copia
1595 4274 1776 4309 rerum
1802 4263 1853 4309 et
1886 4260 2100 4310 dicendi
2128 4261 2211 4309 vis
2233 4260 2445 4310 fuisset.
2481 4279 2503 4306 »

1019 4328 1085 4386 (5)
1114 4326 1191 4375 Cf.
1229 4342 1406 4391 supra,
1429 4344 1480 4393 p.
1506 4333 1580 4379 40.

1021 4399 1087 4458 (6)
1123 4399 1198 4448 Cs.
1230 4400 1306 4448 ⁴De
1341 4401 1446 4460 Or„
1481 4403 1544 4461 II,
1575 4404 1796 4452 160-161.

1021 4470 1087 4531 (Ἴ)
1119 4471 1441 4534 Quanquam
1493 4474 1634 4523 inter
1667 4487 1759 4523 eos
1798 4473 2066 4532 nonnulli,
2099 4476 2248 4525 velut
2280 4474 2626 4533 CharmadaS,
2659 4476 2971 4540 eloquentia
3000 4483 3052 4528 et
3081 4478 3187 4542 ipsi

951 4542 1354 4603 praestiterunt.

1018 4613 1085 4673 (8.
1110 4615 1185 4663 Eo
1210 4615 1404 4665 saltem
1434 4619 1674 4680 tempore
1706 4630 1830 4678 quc,
1859 4616 2201 4668 adolescente
2220 4618 2489 4678 Cicerone,
2520 4618 2747 4670 Crassus
2774 4620 3003 4685 loquens
3033 4620 3187 4671 indu·

954 4685 1107 4736 citur.
1142 4687 1217 4737 Cf.
1249 4702 1428 4751 supra,
1463 4703 1513 4752 p.
1547 4691 1622 4746 39,
1655 4704 1708 4737 n.
1737 4691 1787 4737 5.
