3742 5167
1811 582 2204 646 -110-

954 763 983 795 «
1133 746 1297 811 Quod
1327 746 1374 801 si
1404 748 1674 803 omnium
1715 764 2044 804 consensus
2070 752 2321 804 naturae
2351 767 2464 805 vox
2490 754 2597 820 est,
2632 766 2979 821 omnesque.
3014 753 3116 824 qui

881 833 1102 903 ubique
1149 836 1288 901 sint,
1321 838 1707 892 consentiunt
1761 855 1890 893 esse
1944 838 2194 909 aliquid,
2229 840 2388 909 quod
2418 840 2493 895 ad
2526 856 2626 895 eos
2664 842 2979 910 pertineat,
3014 842 3117 912 qui

879 924 997 980 vita
1035 928 1346 995 cesserint,
1381 928 1555 982 nobis
1586 945 1824 1000 quoque
1854 929 2015 985 idem
2041 929 2509 985 existimandum
2533 933 2643 994 est,
2667 934 2725 983 et
2754 930 2821 996 si,
2858 946 3116 1000 quorum

882 1020 984 1069 aut
1021 1016 1262 1088 ingenio
1285 1022 1388 1072 aut
1404 1018 1618 1072 virtute
1651 1019 1889 1073 animus
1916 1018 2171 1086 excellit,
2205 1035 2308 1074 eos
2338 1019 2718 1087 arbitramur,
2740 1019 2881 1089 quia
2904 1024 3120 1075 natura

881 1104 1102 1174 optima
1155 1105 1295 1173 sint,
1360 1122 1603 1161 cernere
1653 1112 1901 1162 naturae
1955 1107 2089 1163 vim.
2116 1108 2397 1177 maxime,
2440 1107 2764 1163 verisimile
2818 1113 2926 1177 est,
2980 1125 3117 1164 cum

880 1194 1141 1263 optimus
1192 1194 1447 1265 quisque
1488 1196 1765 1251 maxime·
1799 1198 2133 1267 posteritati
2164 1198 2399 1263 serviat,
2432 1214 2560 1253 esse
2592 1196 2835 1267 aliquid,
2870 1198 3039 1269 cujus
3070 1198 3119 1254 is

879 1288 1014 1353 post
1037 1287 1289 1337 mortem
1321 1299 1567 1339 sensum
1594 1284 1672 1339 sit
1697 1285 2015 1341 habiturus
2047 1285 2145 1359 (1).
2184 1306 2207 1336 n

971 1446 1284 1535 Cumque
1315 1446 1479 1513 huic
1513 1475 1543 1508 «
1579 1447 1804 1515 laudis
1828 1448 2056 1515 studio
2100 1474 2131 1513 1)
2165 1454 2439 1515 tantum
2504 1449 2846 1534 tribuerit,
2873 1456 2950 1517 ut
2978 1473 3116 1517 non

881 1554 1097 1621 semel
1138 1556 1209 1619 in
1248 1554 1677 1621 orationibus
1718 1552 1929 1642 (sicut
1957 1555 2168 1621 etiam
2210 1556 2280 1620 in
2309 1553 2435 1621 hac
2494 1556 2647 1644 ipsa
2713 1556 3118 1644 Tusculana)

883 1662 978 1728 ita
1004 1660 1276 1727 locutus
1331 1661 1443 1739 sit,
1497 1667 1827 1750 tanquam
1869 1660 2039 1728 haec
2118 1660 2438 1728 laborum
2503 1664 3118 1754 periculorumque

885 1789 1150 1834 merces
1189 1768 1452 1856 optimo
1483 1769 1736 1854 cuique
1770 1769 2156 1834 maximum
2195 1768 2279 1835 ad
2314 1770 2645 1837 virtutem
2703 1771 3117 1837 incitamen-

884 1880 1032 1941 tum
1063 1880 1243 1942 esset
1271 1876 1488 1962 (2)‚—
1517 1882 1746 1941 tamen
1779 1898 1865 1942 ne
1898 1876 1970 1941 in
1993 1875 2123 1942 hac
2148 1874 2434 1964 quidem
2467 1877 2728 1965 gloriae
2758 1876 3119 1945 dulcedine

884 1981 1182 2047 oratorie
1206 1980 1696 2069 amplificanda
1714 2004 1991 2071 semper
2010 1983 2248 2050 omisit
2270 1982 2608 2072 ejusmodi
2631 1985 3118 2068 correctioneS,

885 2086 1142 2175 quibus
1169 2087 1598 2171 admoneret,
1637 2117 1664 2149 «
1708 2088 1980 2155 nullum
2021 2088 2375 2156 theatrum
2404 2091 2644 2157 virtuti
2696 2091 3123 2159 conscientia

884 2197 1110 2287 majus
1149 2221 1299 2266 esse
1325 2200 1436 2289 (3)·
1474 2228 1502 2260 »
1545 2218 1560 2265 ε
1597 2200 1698 2265 sic
1724 2200 1915 2265 enim
1953 2200 2226 2267 Milonis
2294 2202 2627 2268 virtutem
2684 2200 2808 2292 (4),
2859 2224 3020 2269 cum
3065 2203 3124 2267 is

887 2304 1201 2372 Clodium
1259 2306 1749 2387 interfecisset,
1792 2305 1977 2394 apud
2012 2305 2283 2395 judices
2324 2307 2583 2395 optime
2633 2308 3120 2380 ,commendari

886 2434 1086 2500 posse
1117 2412 1541 2479 existimavit
1571 2435 1586 2479 ε

961 2579 988 2611 «
1006 2616 1009 2619 ,
1120 2561 1297 2615 Addit
1325 2561 1494 2627 haec,
1527 2578 1671 2631 quae
1697 2568 1842 2615 certe
1863 2578 1997 2617 vera
2034 2570 2187 2630 sunt,
2206 2564 2393 2620 fortes
2414 2570 2472 2620 et
2500 2567 2800 2637 sapientes
2824 2568 2979 2623 viros
3012 2577 3134 2622 non¹

889 2656 1004 2703 tam
1020 2652 1280 2719 praemia
1315 2652 1472 2719 sequi
1499 2652 1676 2706 solere
1705 2658 1853 2705 recte
1892 2655 2172 2721 factorum
2202 2670 2371 2723 quam
2398 2656 2518 2723 ipsa
2545 2663 2690 2710 recte
2734 2658 2893 2724 facta
2926 2657 3021 2728 (5);
3062 2648 3124 2711 se
3186 2712 3191 2717 ,

888 2737 1037 2792 nihil
1067 2738 1129 2792 in
1155 2739 1274 2793 vita
1312 2738 1427 2792 nisi
1459 2738 1936 2808 praeclarissime
1971 2741 2204 2809 fecisse,
2234 2742 2529 2812 siquidem
2560 2744 2710 2798 nihil
2741 2746 2817 2800 sit
2867 2749 3127 2815 praesta·

889 2825 1068 2880 bilius
1096 2826 1221 2880 viro
1262 2843 1444 2897 quam
1473 2827 1753 2897 periculis
1779 2829 2033 2897 patriam
2064 2830 2351 2898 liberare;
2384 2833 2590 2887 beatos
2617 2849 2769 2898 esse,
2812 2835 3027 2904 quibus
3059 2849 3127 2887 ea

788 2948 792 2952 ·
889 2932 984 2970 res
1010 2915 1222 2969 honori
1245 2915 1427 2971 fuerit
1454 2931 1488 2971 a
1526 2917 1651 2972 suis
1682 2917 1931 2983 civibUS,
1974 2934 2093 2974 nec·
2118 2925 2319 2975 tamen
2344 2938 2446 2977 eos
2472 2922 2744 2988 miserOS‚
2782 2923 2883 2993 qui
2908 2923 3128 2977 benesi-

890 3004 980 3058 cio
1025 3004 1182 3058 cives
1229 3020 1369 3059 suos
1414 3004 1692 3074 vicerint;
1735 3007 1839 3062 sed
1868 3011 2071 3063 tamen
2111 3025 2192 3061 ex
2236 3007 2517 3062 omnibus
2550 3008 2833 3078 praemiis
2872 3009 3125 3076 virtutis,

886 3094 934 3147 si
953 3099 1088 3147 esset
1117 3092 1373 3148 habenda
1401 3097 1555 3148 ratio
1578 3098 1977 3165 praemiorum,
2012 3097 2447 3167 amplissimum
2489 3113 2615 3151 esse
2647 3098 2980 3167 praemium
3011 3096 3129 3169 glo-

887 3183 1067 3249 riam;
1101 3199 1226 3237 esse
1257 3183 1412 3237 hanc
1438 3199 1640 3251 unam,
1693 3201 1843 3254 quae
1884 3186 2235 3241 brevitatem
2260 3187 2411 3240 vitae
2452 3187 2814 3255 posteritatis
2841 3188 3131 3241 memoria

893 3271 1322 3338 consolaretur,
1352 3288 1502 3342 quae
1534 3273 1799 3329 efficeret
1829 3279 1896 3330 ut
1933 3275 2210 3330 absentes
2248 3276 2612 3343 adessemuS,
2646 3277 2865 3329 mortui
2903 3277 3129 3331 vivere—

893 3378 1055 3428 mus;
1099 3363 1252 3416 hanc
1293 3362 1547 3432 denique
1577 3379 1724 3428 esse,
1761 3362 1946 3441 cujus
1966 3363 2243 3434 gradibus
2275 3362 2451 3416 etiam
2492 3362 2552 3416 in
2585 3362 2817 3417 caelum
2856 3362 3131 3417 homines

890 3451 1235 3506 viderentur
1259 3451 1582 3506 ascendere
1612 3467 1673 3519 »3

891 3617 1097 3700 atque
1132 3610 1449 3678 eamdem
1479 3612 1621 3679 fere
1665 3613 2086 3679 sententiam
2119 3613 2188 3678 in
2234 3613 2625 3703 Philippica
2657 3613 2960 3681 secunda
3013 3636 3121 3680 re-

894 3719 1086 3807 petit,
1132 3718 1299 3784 dum
1334 3718 1644 3785 Caesaris
1697 3720 2178 3786 interfectores
2220 3722 2313 3786 ait
2371 3750 2399 3782 «
2441 3743 2595 3788 eam
2636 3721 2934 3809 gloriam
2965 3744 3129 3787 con-

895 3835 1165 3891 secutos
1197 3848 1370 3909 esse,
1416 3848 1592 3915 quae
1631 3827 1748 3894 vix
1777 3826 1965 3893 caelo
2005 3827 2156 3915 capi
2180 3850 2380 3916 posse
2430 3828 2748 3895 videatur
2786 3858 2813 3888 »
2846 3848 2860 3894 :

961 4006 1020 4068 (l)
1052 4006 1196 4055 Tusc.
1227 4006 1265 4065 1,
1299 4021 1414 4071 cap.
1452 4010 1522 4067 16,
1555 4011 1578 4066 §
1607 4010 1682 4056 34.

961 4079 1026 4138 (2)
1070 4077 1146 4126 Cf.
1191 4080 1295 4126 Pro
1341 4079 1393 4128 C.
1438 4079 1664 4137 RabiriO,
1695 4081 1754 4126 29
1787 4078 1987 4140 (locum
2015 4079 2246 4129 relatum
2282 4082 2483 4145 supra).
2513 4110 2575 4119 —
2609 4086 2666 4131 Ρ.
2691 4083 2909 4143 Archia,
2943 4086 3133 4133 26-28:

899 4168 919 4191 (ι
951 4148 1167 4197 Nullam
1192 4150 1338 4197 enim
1371 4151 1541 4198 virtus
1571 4150 1730 4199 aliam
1758 4150 2062 4200 mercedem
2090 4151 2338 4201 laborum
2367 4154 2835 4217 periculorumque
2870 4154 3139 4205 desiderat

898 4221 1110 4281 praeter
1130 4220 1268 4268 hanc
1299 4221 1474 4269 laudis
1505 4223 1559 4269 et
1581 4220 1813 4283 gloriae:
1849 4236 1956 4285 qua
1986 4223 2201 4285 quidem
2228 4225 2495 4284 detracta,
2519 4225 2650 4288 quid
2676 4228 2752 4273 esi
2775 4227 2919 4289 quod
2946 4227 3003 4274 in
3030 4228 3135 4275 hoc

900 4291 1014 4338 tam
1041 4290 1234 4352 exiguo
1269 4292 1408 4340 vitae
1440 4292 1706 4341 curriculo
1739 4295 1790 4341 et
1829 4295 1945 4342 tam
1975 4293 2122 4343 brevi
2151 4295 2318 4343 tantis
2354 4309 2455 4344 nos
2493 4296 2550 4344 in
2580 4296 2857 4345 laboribus
2885 4310 3134 4347 exercea-

901 4363 1072 4408 mus?
1077 4380 1190 4409 .....
1232 4360 1306 4411 Cf.
1347 4362 1553 4411 Tuscul.
1588 4364 1625 4423 l,
1659 4367 1716 4411 33
1751 4380 1760 4411 ε
1800 4384 1822 4407 «
1959 4365 2074 4423 Quo
2118 4365 2338 4428 quidem
2383 4366 2619 4431 dempto,
2668 4368 2789 4431 quis
2836 4370 2950 4418 tam
2994 4370 3137 4418 esset

901 4445 1090 4481 amens
1112 4432 1205 4494 qui
1230 4447 1444 4496 semper
1461 4434 1518 4482 in
1543 4434 1820 4484 laboribus
1841 4438 1896 4485 et
1915 4437 2170 4499 periculis
2191 4438 2397 4487 viveret
2422 4442 2503 4487 ·?...
2541 4460 2561 4479 n
2592 4438 2685 4501 (Cf.
2711 4440 2877 4489 etiam
2899 4438 3131 4504 Philipp.

900 4503 1034 4560 XIV,
1067 4505 1125 4550 32
1155 4519 1166 4551 :
1205 4524 1227 4547 «
1348 4519 1485 4567 quae
1517 4506 1699 4555 sinon
1720 4510 1864 4557 esset
1896 4508 2108 4571 longior
2138 4522 2301 4571 quam
2323 4510 2457 4559 haec
2486 4511 2656 4560 vita...
2681 4514 2781 4559 etc.
2811 4511 2856 4573 n)

967 4573 1031 4635 (3)
1059 4573 1209 4623 Sicut
1236 4576 1455 4639 scripsit
1480 4577 1540 4625 in
1569 4578 1606 4624 T
1609 4577 1780 4627 uscul.
1806 4579 1870 4637 II,
1905 4581 1981 4627 64.

966 4644 1032 4706 (4)
1060 4644 1134 4693 Cf.
1168 4647 1226 4695 P.
1260 4647 1476 4707 Milone,
1510 4650 1671 4698 96-97.
1704 4649 1780 4698 Cf.
1817 4664 1981 4713 supra
2005 4664 2057 4713 p.
2085 4652 2191 4709 105,
2222 4665 2279 4699 n.
2313 4653 2360 4699 7.

967 4715 1031 4777 (5)
1070 4715 1154 4765 Sic
1183 4719 1477 4781 repetimus
1507 4722 1835 4770 sententiam
1867 4722 2088 4772 Catonis
2124 4719 2285 4786 supra
2317 4724 2385 4787 (p.
2418 4725 2495 4786 88)
2522 4724 2768 4773 relatam.
