3742 5167
916 596 1122 662 ,-66-

476 759 908 843 inveniaturdisserensde
928 761 1079 843 civitate,
1097 761 1139 829 de
1161 763 1335 829 sociorum
1347 762 1437 852 jure,
1456 763 1498 832 de
1512 786 1589 831 ora-

475 868 560 934 toris
579 867 762 955 dignitate,
784 866 825 934 de
854 866 1038 935 accusandi
1067 874 1126 935 aut
1154 867 1361 936 defendendi
1389 870 1515 953 officio,
1550 871 1592 939 de

475 974 630 1042 artificiis
644 979 677 1041 et
693 974 906 1063 quaestibus,
929 981 964 1041 et
978 976 1011 1039 in
1034 974 1105 1041 illis
1118 984 1220 1042 antea
1235 974 1337 1044 editis
1352 976 1394 1044 dc
1407 978 1591 1067 Republica

475 1080 608 1148 libris«
631 1103 799 1170 magnum
817 1080 931 1149 locum
958 1081 1270 1172 philosophiaeque
1286 1085 1469 1174 proprium
1501 1085 1550 1173 (l)
1574 1112 1589 1146 »

473 1193 621 1254 tractare
637 1186 702 1253 sibi
722 1187 818 1254 visus
846 1188 903 1271 sit,
926 1227 970 1236 -
990 1188 1082 1255 sicut
1102 1189 1138 1253 in
1165 1188 1231 1255 hoc
1258 1217 1274 1249 «
1297 1190 1392 1257 civili
1407 1189 1482 1257 loco
1507 1212 1589 1278 gra-

472 1298 563 1362 viter
581 1300 615 1361 et
633 1294 770 1383 copiose
789 1292 969 1360 tractando
986 1319 1001 1358 ι)
1029 1294 1341 1383 Peripateticorum
1361 1296 1591 1363 Academico-

473 1422 623 1490 rumque
638 1400 877 1467 excellentiam
888 1422 958 1466 non
971 1402 1079 1468 semel
1100 1401 1252 1469 laudavit
1271 1410 1279 1489 (
1307 1401 1331 1492 ).

517 1506 587 1574 Nec
600 1528 694 1588 vero,
710 1506 992 1595 quiaTullianas‚
1015 1507 1198 1598 dequibus
1225 1508 1376 1577 diximus
1394 1560 1403 1595 ,
1431 1509 1591 1599 disputa·

472 1600 585 1680 tiones
596 1613 664 1680 huc
678 1614 828 1680 maxime
841 1613 983 1680 tendere
998 1615 1218 1703 agnovimus,
1237 1621 1275 1681 ut
1291 1617 1475 1705 praecipua
1494 1638 1589 1683 com-

472 1720 687 1788 mandandae
703 1718 946 1808 philosophiae
984 1720 1072 1788 ratio
1106 1720 1147 1787 ad
1172 1721 1269 1789 illam
1297 1722 1584 1791 Academicorum

474 1828 825 1916 Peripateticorumve
856 1826 1132 1893 eucrcz'totionem
1164 1833 1332 1917 tanquam
1360 1828 1403 1895 ad
1436 1827 1588 1897 certissi-

472 1957 564 2002 mam
585 1934 720 2001 dc‘cendi
731 1934 847 2023 copiae
866 1934 1073 2002 effectricem
1090 1942 1351 2003 converteretur
1364 1936 1424 2023 (3),
1441 1936 1589 2026 ideopn·

471 2042 615 2110 tandum
640 2042 801 2121 est,hunc
815 2064 1009 2131 quoque-
1023 2050 1056 2109 et
1071 2065 1250 2110 summum
1266 2042 1408 2132 quidem
1423 2082 1464 2093 -
1476 2043 1586 2134 philo·

470 2149 612 2239 sophiae
628 2148 733 2217 studii
747 2149 993 2217 fructumeum
1009 2172 1083 2217 esse
1100 2150 1273 2231 debuisse,
1290 2151 1362 2240 qui,
1394 2172 1456 2239 per
1475 2158 1585 2218 totum

469 2256 541 2324 lere
552 2258 720 2324 orationis
740 2264 939 2323 contextum
967 2258 1066 2345 quasi
1094 2256 1254 2340 diffusus,
1290 2259 1587 2325 omneminvesti-

469 2364 583 2451 gantis
598 2365 947 2453 comprehensionem
963 2363 1171 2450 antingeret
1195 2372 1255 2431 aut
1285 2364 1431 2431 falleret.
1467 2364 1586 2454 Neque

468 2472 562 2538 enim
581 2469 623 2537 de
647 2469 898 2560 cujuscumque
917 2470 1056 2558 generis
1072 2471 1318 2538 exercitatione
1342 2492 1436 2536 nunc
1456 2472 1584 2558 agitur,

467 2576 567 2666 cujus
587 2578 720 2667 utilitas
735 2579 770 2642 in
791 2576 1025 2666 comparanda
1039 2576 1227 2653 verborum
1243 2578 1343 2667 eopia
1362 2584 1395 2644 et
1410 2578 1586 2645 celeritate

467 2690 539 2752 tota
557 2690 756 2753 versaretur
771 2705 778 2764 ;
794 2706 905 2773 neque
928 2705 1051 2750 rursus
1065 2683 1106 2751 de
1117 2706 1337 2773 quocumque
1349 2684 1584 2773 amplificandi

467 2792 568 2858 modo
585 2792 1005 2881 quaerimuS,quanquam
1018 2791 1103 2858 haec
1118 2820 1134 2853 «
1148 2798 1260 2868 αὔξησις
1282 2791 1330 2879 (4)
1353 2818 1368 2851 ιι
1386 2812 1404 2855 a
1422 2791 1586 2859 Cicerone

466 2900 541 2988 ipso
566 2899 614 2966 ita
629 2898 801 2988 descripta
813 2905 875 2977 est,
886 2905 935 2978 ut,
964 2926 979 2960 ιι
1015 2898 1080 2965 etsi
1097 2898 1325 2988 aequabiliter
1348 2902 1420 2964 toto
1440 2920 1583 2988 corpore

406 3026 416 3041 ⁸
465 3006 631 3073 orationis
643 3006 721 3074 fusa
730 3028 805 3073 esse
825 3004 978 3085 deberet,
997 3013 1111 3072 tamen
1133 3006 1170 3072 in
1185 3004 1418 3071 communibus
1444 3004 1523 3071 locis
1539 3005 1583 3094 (5)

466 3114 618 3182 maxime
633 3112 817 3180 excelleret
833 3140 848 3175 u
868 3132 875 3180 :
895 3113 991 3179 illam
1006 3135 1087 3180 vero
1102 3111 1329 3179 Carneadiam
1345 3112 1584 3179 authristote-

464 3219 547 3287 liam
562 3219 597 3285 in
615 3219 930 3309 contrariaspartes
944 3220 1226 3286 exercitationem
1237 3241 1257 3285 a
1269 3219 1432 3286 Cicerone
1448 3218 1583 3285 laudari

463 3326 616 3392 maxime
644 3324 810 3407 vidimus,
843 3332 1009 3415 tanquam
1024 3326 1059 3391 in
1081 3326 1130 3392 eis
1150 3326 1234 3414 ipsis
1263 3325 1342 3391 locis
1370 3331 1580 3405 versantem,

464 3432 915 3520 quorumornatumaxime
940 3437 1113 3499 oratorem
1144 3431 1178 3498 id
1208 3436 1478 3497 consecuturum
1506 3453 1581 3500 esse

464 3540 581 3607 Cicero
596 3539 689 3606 idem
705 3539 926 3627 significavit,
964 3545 1035 3618 ut«
1074 3537 1262 3606 verborum
1299 3539 1436 3626 copiam
1462 3560 1581 3605 rerum

462 3646 559 3736 copia
574 3651 734 3735 gigneret
753 3646 801 3735 (6)
819 3673 902 3713 ».-
917 3644 1017 3725 Quod
1033 3652 1240 3714 autemeam
1271 3644 1409 3712 dicendi
1427 3646 1576 3733 copiam,

494 3893 525 3955 (4)
543 3891 618 3941 Sicut
631 3891 716 3941 dehis
732 3892 808 3941 libris
822 3893 881 3957 ipse
897 3891 1027 3955 loquitur,
1040 3892 1078 3940 De
1090 3892 1210 3942 Divinot.
1228 3893 1261 3951 ll,
1277 3897 1299 3941 3.

493 3964 525 4026 (2)
542 3962 620 4012 crue
632 3962 718 4012 Finit.
728 3964 771 4021 IV,
783 3966 805 4024 5,
813 3965 856 4023 cl,
868 3966 927 4022 Ἡ,
940 3964 966 4011 44
986 3962 1034 4025 (cf.
1047 3976 1138 4026 supra,
1149 3967 1234 4012 nostr.
1246 3968 1313 4028 part.
1322 3965 1341 4024 4,
1351 3978 1377 4027 p.
1390 3964 1519 4025 52).-Ι)ε
1531 3962 1580 4013 illo

460 4034 560 4103 ἠθικῆς
580 4048 643 4083 cum
661 4031 792 4108 πολιτικῇ
809 4036 947 4085 artissima
960 4035 1151 4096 conjunctione
1164 4033 1233 4097 apud
1253 4034 1394 4084 Platonem
1409 4037 1436 4083 et
1447 4035 1577 4083 Aristote-

459 4106 522 4165 lem,
534 4105 567 4154 cl.
582 4107 669 4164 tanet,
678 4106 791 4156 ,Htstoire
798 4108 830 4156 de
841 4107 868 4155 la
877 4107 981 4155 science
993 4104 1103 4154 morale.
1115 4132 1145 4139 -
1159 4106 1341 4155 llaecscilicet
1354 4104 1464 4155 eratilla
1472 4104 1533 4176 περὶ
1546 4104 1579 4158 τὲ

459 4176 512 4246 ἤθη
529 4173 666 4246 πολιτική,
681 4192 713 4226 ex
737 4192 790 4241 qua
804 4191 861 4243 per
875 4178 1079 4240 adiunctionem
1106 4175 1261 4226 dialecticae
1278 4177 1344 4227 artis
1363 4176 1413 4245 τὴν
1430 4175 1578 4249 ῥητορικὴν

459 4251 584 4297 constare
597 4249 754 4298 Aristoteles
768 4248 949 4313 intelligebat.
967 4248 1005 4297 uf.
1022 4247 1096 4297 Rhet.
1113 4248 1133 4308 l,
1148 4250 1170 4307 4,
1184 4249 1205 4296 l.

489 4321 522 4383 (3)
536 4319 574 4369 uf.
590 4323 673 4369 nostr.
687 4324 754 4383 part.
772 4322 791 4383 4,
808 4336 864 4385 cap.
883 4321 928 4378 444,
948 4323 958 4383 ξ
974 4323 987 4369 3
1001 4324 1039 4384 (p.
1056 4322 1085 4368 45
1100 4321 1179 4382 sqq).

490 4394 523 4455 (4)
538 4392 770 4453 Orator,125-l26,
786 4393 833 4442 ubi
846 4392 996 4457 explicatur
1006 4391 1144 4441 distinctio
1159 4392 1230 4440 inter
1246 4408 1257 4438 ιι
1272 4389 1403 4459 αὔξησιν»
1415 4392 1442 4439 et
1455 4410 1467 4435 ι
1480 4386 1550 4443 θέσιν
1566 4410 1577 4438 ιι

458 4462 500 4527 (de
516 4478 569 4528 qna
594 4465 622 4514 V.
637 4478 727 4527 supra,
744 4464 771 4513 P.
788 4466 808 4525 4,
831 4479 857 4528 p.
884 4464 933 4526 43).
951 4462 1052 4512 Eadem
1066 4476 1122 4511 non
1140 4462 1220 4525 longe
1247 4474 1325 4512 secus
1349 4461 1537 4525 significantur
1548 4460 1578 4509 in

456 4534 525 4585 libro
541 4536 577 4585 lll
592 4536 630 4585 De
647 4536 700 4597 On,
718 4537 827 4585 lot-106.

487 4609 520 4671 (5)
535 4608 570 4657 lis
584 4608 698 4668 scilicet,
715 4608 761 4671 qui
773 4625 784 4655 ι
798 4607 923 4658 videntur
933 4609 1082 4658 multarum
1096 4608 1179 4658 iidem
1203 4622 1262 4657 esse
1288 4620 1432 4658 causarum
1449 4626 1470 4666 a,
1486 4620 1576 4670 quan-

456 4693 539 4743 quam
556 4699 567 4723 ι
591 4680 693 4744 proprii
708 4679 949 4743 singularumesse
962 4679 1124 4729 debebunt»
1139 4680 1195 4742 (Or.
1210 4679 1273 4743 426).
1289 4678 1327 4728 Gl.
1345 4679 1382 4727 De
1399 4678 1442 4727 Or.
1458 4680 1504 4739 444,
1517 4680 1570 4727 406.

488 4752 520 4816 (6)
532 4752 570 4801 Cf.
586 4753 624 4800 De
640 4751 685 4801 Or.
702 4751 747 4811 444,
764 4751 808 4800 425
820 4753 860 4813 (V.
877 4765 959 4815 supra
974 4753 1061 4801 nostr.
1070 4753 1136 4816 part.
1149 4753 1169 4811 l,
1185 4766 1244 4815 cap.
1261 4751 1303 4810 lV,
1319 4765 1344 4815 p.
1361 4752 1410 4812 55).
