3742 5167
1814 545 2167 609 ...52—

944 715 1129 779 Quam
1161 712 1348 768 multa
1374 711 1459 767 illi
1504 714 1576 767 de
1616 729 1680 767 re
1735 713 1972 783 publica
2026 712 2412 783 scripserunt,
2446 729 2625 783 quam
2651 715 2837 768 multa
2867 715 2938 768 de
2964 715 3112 787 legi-

871 802 1009 856 busl
1057 818 1234 872 quam
1262 801 1452 857 multa
1490 817 1610 855 non
1642 801 1836 856 solum
1865 806 2183 872 praecepta
2207 802 2268 855 in
2296 803 2541 871 artibus,
2585 803 2689 857 sed
2711 803 2890 857 etiam
2914 820 3111 858 exem-

869 891 968 962 pla
994 892 1055 946 in
1082 892 1452 946 orationibus
1481 892 1635 945 bene
1662 890 1897 945 dicendi
1919 890 2323 960 reliquerunt!
2354 891 2619 946 Primum
2639 892 2800 947 enim
2829 892 2956 963 ipsa
2987 892 3107 961 illa,

871 998 1022 1052 quae
1053 980 1353 1036 subtiliter
1383 979 1730 1035 disserenda
1758 985 1954 1048 erant,
1983 978 2164 1049 polite
2210 983 2463 1049 apteque
2490 979 2770 1033 dixerunt
2804 982 2930 1033 tum
2962 979 3110 1033 defi-

868 1071 1101 1125 nientes
1126 1076 1256 1124 tum
1295 1070 1640 1140 partienteS,
1674 1069 1936 1123 utvestri
1974 1069 2151 1123 etiam
2200 1068 2296 1139 (1),
2332 1068 2435 1122 sed
2461 1084 2563 1121 vos
2603 1067 2955 1137 squalidiuS‚
2981 1067 3110 1121 illo-

869 1176 1004 1214 rum
1026 1158 1191 1214 vides
1222 1174 1401 1228 quam
1436 1158 1621 1213 niteat
1653 1157 1875 1213 oratio!
1920 1157 2139 1212 Deinde
2174 1174 2262 1223 ea,
2298 1172 2449 1226 quae
2481 1157 2866 1227 requirebant
2890 1157 3106 1212 oratio-

869 1264 1008 1303 nem
1036 1253 1308 1303 ornatam
1335 1253 1392 1302 et
1439 1264 1696 1320 gravem,
1732 1264 1912 1317 quam
1944 1246 2259 1319 magnifice
2291 1251 2430 1300 sunt
2459 1245 2616 1300 dicta
2640 1246 2712 1300 ab
2745 1245 2881 1313 illis,
2924 1263 3105 1316 quam

867 1338 1205 1407 splendide!
1249 1337 1322 1392 de
1367 1337 1620 1408 justitia,
1647 1336 1717 1390 de
1768 1337 2181 1407 temperantia,
2217 1336 2288 1389 de
2317 1334 2690 1400 fortitudine,
2723 1335 2795 1390 de
2822 1336 3104 1400 amicitia,

868 1426 939 1481 de
998 1431 1188 1480 aetate
1245 1425 1530 1497 degenda,
1564 1426 1634 1480 de
1657 1425 2053 1495 philosophia,
2092 1425 2163 1479 de
2213 1425 2578 1494 capessenda
2605 1441 2669 1479 re
2696 1424 2952 1495 publica,
2998 1426 3105 1478 ho-

869 1514 1099 1570 minum
1139 1531 1249 1569 nec
1299 1515 1498 1585 spinas
1527 1514 1895 1581 vellentium,
1938 1520 2005 1568 ut
2035 1514 2233 1581 Stoici,
2268 1530 2379 1568 nec
2412 1530 2545 1568 ossa
2593 1513 2970 1579 nudantium‚
3003 1514 3106 1567 sed

869 1620 1099 1671 eorum,
1131 1604 1234 1675 qui
1269 1603 1520 1675 grandia
1546 1609 1752 1659 ornate
1780 1603 2024 1671 vellent,
2059 1603 2368 1657 enucleate
2400 1602 2631 1656 minora
2661 1602 2856 1656 dicere
2888 1601 3031 1673 (2)...

957 1768 1070 1834 Sic
1115 1768 1562 1857 praecipuam
1602 1767 2021 1834 Academiae
2072 1765 2154 1834 ad
2201 1771 2547 1833 oratorem
2597 1765 3103 1833 instituendum

866 1874 1543 1941 commendationem
1585 1874 1657 1941 in
1698 1896 1777 1940 eo
1820 1874 1983 1964 poni
2030 1873 2375 1956 videmuS,
2412 1872 2596 1961 quod
2623 1873 2706 1940 ab
2742 1872 3105 1940 Academi-

863 2004 1104 2049 corum
1161 1980 1590 2072 principibus
1641 1980 2028 2048 disserendi
2078 2003 2219 2049 non
2276 1980 2629 2047 dialectice
2674 1980 2929 2061 solum,
2984 1980 3100 2047 sed

863 2090 1074 2155 etiam
1101 2089 1400 2155 oratorie
1438 2093 1802 2178 praecepta
1828 2128 1916 2136 ——
1945 2096 2014 2155 et
2045 2088 2361 2177 exempla
2395 2085 2601 2153 simul
2640 2127 2713 2136 -
2749 2087 3103 2154 traderen-

864 2202 973 2262 tur
1031 2198 1145 2281 (3),
1188 2218 1348 2262 cum
1405 2200 1645 2262 contra
1711 2195 1925 2261 Stoici
1966 2201 2258 2283 anguste
2299 2194 2688 2263 disserendi
2739 2203 2885 2264 arte
2938 2220 3100 2265 sane

862 2304 1325 2371 eminuissent
1351 2304 1593 2391 (quam
1625 2299 1711 2368 ob
1742 2323 2025 2369 causam
2062 2334 2087 2359 κε
2129 2301 2470 2368 dialectici
2508 2330 2539 2362 »
2575 2304 2620 2367 ii
2660 2304 3099 2392 potissimum

863 2410 1025 2476 dicti
1080 2409 1301 2499 erant)
1346 2410 1460 2501 (4),
1511 2408 1624 2475 sed
1691 2408 1901 2475 iidem
1953 2407 2355 2497 disputandi
2409 2408 2778 2476 subtilitati
2823 2412 3099 2501 copiose

860 2515 1131 2582 dicendi
1162 2516 1727 2582 exercitationem
1749 2536 1886 2581 non
1913 2514 2396 2604 adjunxissent
2455 2516 2591 2582 Nec
2623 2539 2786 2583 vero
2811 2517 2901 2583 M.
2938 2518 3099 2584 Tul-

865 2622 1020 2703 lius,
1048 2622 1213 2711 quia
1244 2622 1317 2686 in
1351 2620 1480 2687 hoc
1511 2622 1663 2711 ipso
1697 2627 1943 2709 quarto
1974 2620 2058 2686 de
2083 2620 2361 2686 Finibus
2400 2621 2579 2688 libro
2612 2623 2701 2712 (5)
2734 2623 2816 2689 de
2849 2624 3097 2690 Stoicis

862 2728 1041 2795 hanc
1075 2728 1442 2796 Carneadis
1484 2728 1889 2817 opinionem
1923 2727 2017 2817 (6)
2060 2726 2192 2794 sibi
2226 2731 2543 2809 assumit,
2589 2757 2620 2790 «
2653 2730 2724 2796 in
2753 2732 2944 2796 omni
2976 2730 3098 2797 hac

863 2837 1288 2925 quaestione,
1333 2858 1510 2925 quae
1565 2833 1648 2902 de
1691 2833 1891 2901 honis
1940 2840 2009 2902 et
2047 2834 2251 2902 malis
2290 2834 2707 2925 appelletur,
2765 2859 2900 2903 non
2948 2860 3096 2905 esse

858 2943 1041 3008 inter
1079 2942 1348 3009 Stoicos
1403 2948 1469 3009 et
1509 2942 2006 3031 Peripateticos
2050 2964 2286 3009 rerum
2341 2941 2908 3032 discrepantiam,
2946 2944 3092 3027 sed,

859 3048 1233 3115 verborum
1290 3078 1348 3127 »‚
1392 3049 1648 3116 idcirco
1688 3049 1772 3115 ab
1822 3072 1902 3115 ea
1945 3050 2210 3115 ratione
2252 3048 2684 3129 demovetur,
2730 3071 2939 3137 quam
2977 3075 3096 3140 per

861 3156 1091 3223 Crassi
1146 3178 1514 3245 personam
1573 3160 1642 3223 in
1691 3160 1958 3225 Stoicos
2022 3146 2304 3249 propter
2357 3181 2601 3226 eorum
2642 3158 2725 3225 de
2788 3159 2987 3227 bonis
3029 3166 3094 3227 et

862 3264 1063 3329 malis
1126 3265 1538 3330 sententiam
1602 3263 1996 3331 intenderat
2045 3265 2143 3355 (7)
2185 3284 2198 3331 :
2244 3287 2403 3332 cum
2464 3268 2649 3332 'enim
2693 3268 2761 3332 in
2821 3274 3094 3334 oratore

864 3369 1072 3436 verba
1125 3370 1425 3436 maxime
1466 3377 1890 3460 spectentur,
1950 3371 2068 3437 illa
2110 3394 2148 3438 a
2186 3372 2436 3438 Stoicis
2475 3379 2737 3440 tentata
2772 3401 2801 3433 «
2839 3376 3095 3440 veteris

861 3476 1344 3567 philosophiae
1383 3479 1716 3544 correctio
1761 3478 1858 3568 (8)
1902 3506 1927 3538 ι)
1973 3518 2053 3527 -
2089 3486 2164 3544 ut
2194 3480 2478 3546 nomina
2523 3502 2754 3547 rerum
2791 3487 3091 3546 tantum-

860 3583 1064 3650 modo
1085 3586 1620 3651 commutaverit
1645 3624 1717 3634 —-
1755 3584 2223 3651 nihilominus
2254 3608 2333 3653 ea
2360 3588 2825 3668 existimatur,
2854 3614 2885 3648 «
2913 3610 3089 3676 quae

858 3691 1144 3758 omnino
1175 3690 1442 3758 aditum
1475 3690 1746 3758 nullum
1779 3691 2033 3759 habere
2071 3693 2285 3780 possit
2313 3694 2385 3758 in
2422 3692 2682 3773 urbem,
2724 3694 2795 3760 in
2827 3693 3088 3777 forum,

922 3915 990 3978 (1)
1016 3914 1198 3965 Cicero
1229 3916 1489 3964 Catonem
1519 3914 1826 3963 Stoicorum
1850 3912 2194 3962 defensorem
2224 3913 2535 3976 alloquitur.

918 3987 992 4050 (2)
1021 3986 1108 4035 Sic
1131 3986 1362 4049 legimus
1390 3985 1652 4049 scriptum
1677 3985 1734 4032 in
1764 3985 1911 4034 Orat.
1943 3986 2143 4033 100-101
2181 4001 2191 4032 :
2227 4004 2248 4028 «
2282 3986 2329 4033 is
2382 3986 2481 4035 erit
2512 3986 2675 4049 igitur
2706 3984 3091 4049 eloquenS,qui

855 4058 1054 4123 poterit
1080 4071 1246 4121 parva
1276 4057 1582 4115 summisse,
1611 4058 1828 4106 modica
1851 4058 2166 4120 temperate,
2194 4069 2394 4120 magna
2413 4059 2650 4120 graviter
2678 4055 2911 4106 dicere...
2941 4078 2964 4101 ι»

920 4130 985 4194 (3)
1016 4127 1214 4178 Eadem
1239 4127 1345 4177 sere
1376 4127 1568 4177 eodem
1592 4127 1754 4177 modo
1787 4127 2037 4178 dicuntur
2067 4127 2131 4177 de
2160 4130 2451 4179 Academia
2476 4143 2507 4178 a
2535 4130 2731 4179 Pisone
2761 4129 2818 4177 in
2846 4130 2986 4179 libro
3012 4131 3088 4179 De

851 4200 1048 4261 Finit„
1075 4200 1134 4260 V,
1168 4201 1244 4258 10,
1277 4226 1335 4234 —
1356 4201 1517 4262 atque
1547 4200 1713 4248 etiam
1745 4200 1804 4248 in
1832 4200 2034 4254 Partit.
2060 4204 2263 4250 orator.
2288 4238 2299 4259 ‚
2334 4201 2441 4249 139.

920 4273 983 4335 (4)
1017 4270 1098 4321 Cf.
1140 4271 1308 4330 Orat.,
1343 4272 1467 4332 1143
1500 4273 1692 4321 Parcit.
1725 4274 1844 4321 orat
1873 4272 2012 4330 ,139

918 4345 981 4407 (5)
1014 4341 1092 4393 Cf.
1125 4356 1241 4406 cap.
1273 4345 1300 4390 2
1327 4356 1446 4406 sqq.
2587 4394 2593 4399 ,

916 4416 980 4477 (6)
1011 4415 1079 4464 Ut
1110 4417 1331 4477 apparet
1360 4429 1425 4463 ex
1453 4414 1548 4464 lib.
1571 4415 1645 4463 De
1678 4413 1873 4474 Finib„
1910 4415 1999 4474 ΙΙΙ,
2024 4417 2107 4475 41;
2142 4414 2391 4465 eamdem
2421 4414 2530 4464 fere
2557 4415 2872 4479 opinionem
2902 4416 3087 4464 Antio·

850 4487 1083 4545 chuS‚in
1107 4486 1226 4549 ipsa
1275 4486 1565 4536 Academia
1603 4502 1627 4535 «
1663 4487 1967 4537 Stoicorum
2019 4486 2374 4550 adstipulator
2418 4501 2443 4534 »
2490 4485 2589 4549 (Cf.
2633 4487 2800 4535 Acad.
2853 4488 2984 4551 pri„
3016 4486 3083 4544 II,

850 4560 947 4622 67),
980 4560 1189 4607 tutatus
1224 4559 1355 4607 erat.
1600 4617 1605 4622 ,
1753 4616 1756 4619 ,

913 4631 982 4692 (7)
1016 4630 1087 4678 De
1121 4630 1208 4678 Or.
1241 4630 1330 4689 Ill,
1364 4632 1423 4678 66
1455 4630 1635 4694 (atque
1666 4630 1705 4692 Ι,
1742 4631 1870 4680 218Ὰ
1903 4629 1980 4680 Cf.
2010 4645 2189 4695 supra,
2218 4645 2270 4695 p.
2297 4632 2372 4679 39.

911 4703 974 4765 (8)
1000 4701 1086 4751 Sic
1119 4701 1358 4766 loquitur
1381 4702 1582 4761 Cicem,
1614 4703 1690 4751 De
1718 4701 1911 4761 Finit„
1947 4702 2030 4761 1v‚
2064 4704 2139 4753 21.
2171 4702 2269 4766 (Cf.
2300 4703 2469 4751 Acad.
2494 4704 2713 4766 poster„
2737 4703 2776 4760 Ι,
2800 4701 2911 4762 35.)
