3742 5167
783 539 981 605 -l09—

316 712 370 795 sit,
388 712 460 779 sive
472 710 514 778 ad
524 710 678 799 aliquam
693 709 800 776 animi
812 710 864 776 sui
877 716 1011 799 partem
1027 711 1199 799 pertinere
1212 710 1334 779 debeat
1345 712 1391 799 (l)
1404 736 1434 781 r.

315 819 356 886 In
365 818 440 907 ejus
458 823 551 884 certe
564 815 971 905 orationibusnunqoam
986 814 1216 885 introductam
1238 818 1437 885 invenimus

315 948 392 993 eam
408 925 588 1009 rationem,
614 945 682 1013 qua
693 928 848 989 utentem
862 922 1059 1012 Scipionem
1081 930 1176 991 sexto
1197 923 1239 990 de
1254 925 1436 1014 Republica

315 1032 403 1101 libro
419 1032 500 1098 fecit
513 1030 809 1098 demonstrantem
826 1057 841 1090 a
864 1031 1005 1118 quantis
1019 1031 1053 1095 in
1067 1024 1241 1119 angustiis
1252 1032 1436 1100 hominum

315 1137 624 1228 gloriasedilatari
660 1135 763 1204 vellet
792 1164 820 1213 a,
843 1142 948 1226 atque
961 1138 997 1202 in
1026 1165 1041 1198 «
1073 1136 1216 1206 delinito
1242 1140 1327 1207 caeli
1348 1140 1435 1225 loco,

315 1246 375 1313 ubi
423 1245 512 1313 beati
548 1244 759 1333 sempiterno
801 1265 886 1310 aevo
924 1243 1067 1311 fruituri
1094 1245 1163 1311 sint
1209 1274 1223 1306 n
1247 1247 1306 1335 (2),
1338 1269 1435 1335 spem

316 1352 479 1420 humanis
511 1351 673 1440 praemiis
724 1349 884 1417 altiorem
935 1352 1071 1440 magnis
1111 1352 1436 1443 praestantibusque

315 1461 401 1535 viris
436 1466 687 1548 proponentem
711 1456 758 1547 (3)
788 1463 853 1527 :at
883 1465 1003 1524 contra
1037 1465 1178 1547 propter
1219 1459 1284 1527 hoc
1303 1461 1432 1549 ipsum,

316 1566 408 1656 quod
427 1595 440 1625 «
455 1568 629 1654 optimum
643 1585 817 1653 quemque
846 1565 998 1632 maxime
1012 1565 1124 1651 gloria
1155 1565 1234 1633 duci
1251 1595 1265 1628 a
1285 1566 1333 1656 (t)
1354 1590 1434 1657 pro-

315 1672 442 1755 fitetur,
464 1671 863 1760 idcircopotiusopinari
883 1670 1035 1749 videtur,
1059 1697 1075 1737 (
1106 1672 1258 1762 aliquem
1292 1658 1434 1741 sensum

316 1780 439 1846 esseio
457 1784 568 1845 morte
584 1778 842 1866 praeclarorum
859 1778 1016 1846 virorum
1032 1777 1080 1868 (5)
1094 1804 1123 1861 r,
1143 1802 1212 1868 quo
1225 1781 1286 1848 hac
1300 1781 1432 1869 gloriae

316 1885 473 1952 mercede
488 1907 527 1952 ac
541 1883 767 1950 delectatione
784 1885 819 1950 in
837 1892 1043 1973 perpetuum
1060 1885 1126 1973 ipsi
1138 1885 1206 1951 frui
1224 1887 1358 1974 possint
1368 1885 1430 1975 (6):

315 1991 403 2059 hanc
424 1993 517 2059 enim
533 1992 704 2059 rationem
735 1992 769 2056 in
786 1991 943 2058 oratione
960 2013 1024 2081 pro
1042 1993 1078 2057 0.
1096 1991 1233 2058 Rabirio
1249 1992 1298 2080 (l)
1315 1990 1433 2059 habita

317 2099 365 2165 sio
381 2099 554 2189 expressit
572 2118 580 2165 ε
818 2101 823 2117 ’

351 2282 364 2310 ((
389 2263 489 2331 Neque
510 2262 672 2332 quisquam
690 2265 827 2315 nostrum
842 2262 872 2315 in
889 2260 1071 2331 reipublicae
1087 2262 1227 2332 periculis
1247 2278 1316 2317 cum
1346 2262 1433 2319 laude

315 2366 349 2405 ac
363 2352 469 2407 virtute
489 2356 633 2419 versatur,
651 2352 722 2421 quin
738 2368 789 2420 spe
801 2350 983 2420 posteritatis
997 2350 1157 2421 fructuque
1173 2352 1316 2407 ducatur:
1334 2353 1433 2424 itaque

316 2457 384 2496 cum
401 2442 503 2497 multis
514 2443 580 2497 aliis
593 2444 629 2497 de
646 2443 742 2497 causis
758 2444 891 2497 virorum
907 2443 1055 2497 bonorum
1076 2445 1192 2495 mentes
1215 2441 1332 2496 divinae
1361 2443 1434 2496 mihi

315 2537 405 2600 atque
419 2539 557 2587 aeternae
572 2532 711 2587 videntur
735 2548 809 2597 esse,
826 2536 888 2586 tum
904 2531 1033 2586 maxime
1049 2531 1129 2600 quod
1151 2530 1254 2601 optimi
1270 2536 1299 2585 et
1314 2531 1433 2601 sapien-

315 2620 422 2675 tissimi
450 2622 596 2693 eujusque
625 2623 743 2677 animus
758 2621 798 2675 ita
819 2622 986 2691 praesentit
1009 2621 1038 2674 in
1061 2624 1223 2690 posterum,
1240 2620 1361 2690 utnihil
1374 2620 1433 2675 nisi

315 2710 532 2778 sempiternum
542 2714 675 2780 spectare
691 2710 834 2765 videatur.
851 2731 864 2759 »

361 2874 539 2953 Quatenus
555 2879 671 2957 aulem
681 2872 914 2962 taliaadipsas
928 2873 1219 2963 philosophorum
1237 2873 1430 2941 «scholas»

315 2981 540 3069 pertinerent,
557 3002 597 3047 ex
613 2979 684 3061 illa,
703 3003 807 3070 quam
831 2980 933 3046 modo
949 2980 1112 3061 diximus,
1131 2979 1316 3046 Tusculana
1337 2981 1434 3047 intel·

314 3087 422 3176 ligere
442 3089 533 3172 licet,
555 3088 628 3166 ubi,
652 3088 1081 3179 postquamcommuniter
1092 3087 1244 3176 positum
1257 3094 1321 3167 est,
1345 3114 1359 3147 α
1376 3110 1436 3154 na·

314 3200 429 3262 turam
442 3194 552 3284 ipsam
572 3194 613 3263 de
629 3196 889 3262 immortalitate
905 3196 1103 3262 animorum
1113 3195 1251 3260 tacitam
1264 3193 1433 3283 judicare,

316 3300 408 3391 quod
424 3303 700 3371 omnibuseurae
725 3304 795 3370 sint
811 3318 845 3370 et
865 3304 1037 3369 maximae
1071 3302 1226 3391 quidem,
1252 3324 1341 3391 quae
1358 3309 1435 3391 post

316 3416 463 3476 mortem
479 3410 597 3477 futura
611 3412 721 3493 sint»,
742 3417 816 3477 tum
837 3433 899 3499 per
931 3409 1087 3477 eamdem
1125 3437 1139 3469 «
1177 3410 1433 3498 praeclarorum

315 3518 472 3584 virorum
501 3548 514 3577 a
535 3517 758 3585 selectionem
775 3524 914 3607 propter
936 3517 986 3584 eis
1006 3517 1151 3582 insitum
1172 3515 1303 3605 gloriae
1340 3537 1435 3583 amo-

315 3644 389 3689 rem
409 3622 458 3711 (8)
474 3622 539 3691 hoc
558 3631 805 3713 argumentum
821 3625 870 3692 sio
885 3623 1123 3691 concluditur:

345 3837 379 3899 (1)
393 3838 422 3885 Ρ.
443 3838 551 3898 Archia,
568 3841 606 3888 30.
619 3866 650 3877 -
665 3840 770 3890 Similia
782 3841 836 3891 iere
851 3832 985 3901 intentas
1004 3844 1041 3891 De
1057 3842 1161 3893 Senect.
1180 3844 1220 3892 86.

347 3910 378 3970 (2)
396 3911 422 3958 et
438 3910 470 3971 (3)
483 3911 520 3959 De
533 3911 644 3975 Republ.
659 3912 701 3968 Vl,
718 3914 765 3971 lt,
784 3940 811 3948 -
828 3915 910 3962 20-25.

348 3982 378 4042 (4)
398 3979 436 4031 uf.
450 3982 478 4028 P.
494 3982 603 4040 aretia,
620 3985 658 4031 26.
676 4010 703 4018 -
722 3985 749 4031 Ρ.
769 3984 794 4033 C.
809 3984 926 4043 Rabirio,
943 3987 981 4033 29.

347 4051 378 4112 (ὅ)
397 4051 439 4099 Sic
454 4050 574 4115 loquitur
586 4054 615 4101 in
630 4056 697 4103 orat.
711 4055 740 4102 P.
757 4054 851 4111 Sestio,
868 4058 920 4105 t3t.
936 4055 974 4103 Cl.
988 4057 1017 4104 Ρ.
1030 4056 1140 4117 Scauro,
1155 4059 1194 4107 50.

346 4123 377 4184 (6)
394 4123 461 4172 Cum
485 4126 579 4173 contra
603 4127 679 4174 sexto
697 4126 731 4173 De
750 4126 859 4189 Republ.
876 4125 945 4175 libro
960 4142 1007 4191 per
1028 4128 1129 4190 gloriae
1153 4132 1342 4192 contemptum
1364 4130 1434 4180 altir·

314 4193 429 4243 mendae
443 4196 598 4245 animorum
612 4198 825 4247 immortalitatis
842 4198 911 4247 ratio
925 4198 1111 4248 concludatur.

346 4265 378 4325 (l)
394 4267 445 4313 Pro
464 4267 490 4315 C.
506 4266 622 4325 Rabirio,
639 4270 680 4317 29.

345 4336 381 4397 (8)
400 4336 503 4385 Tuscul.
519 4338 536 4397 1,
549 4352 607 4401 cap.
627 4342 700 4387 rit-ro.
717 4366 746 4375 -
762 4339 897 4400 Similiter,
911 4341 963 4390 etsi
978 4342 1069 4390 minus
1082 4341 1231 4403 enucleate,
1249 4343 1391 4394 disseritur
1405 4346 1434 4394 in

314 4405 422 4471 dialogo
440 4408 476 4456 De
501 4408 652 4470 Senectute,
666 4412 703 4459 82.
726 4412 805 4460 -De
826 4412 877 4461 troc
898 4411 1000 4475 gloriae
1022 4427 1113 4462 amore
1131 4414 1159 4462 in
1180 4415 1232 4463 hac
1244 4416 1305 4477 ipsa
1329 4415 1432 4464 Turoni.

315 4478 344 4539 (l,
359 4481 397 4541 34)
414 4478 524 4528 easdem
537 4481 685 4531 sententias
697 4483 790 4530 noster
805 4485 900 4531 auctor
913 4484 1019 4547 repetit.
1029 4498 1097 4547 quas
1112 4486 1139 4533 in
1150 4488 1217 4535 orat.
1230 4487 1259 4534 P.
1269 4486 1370 4535 Arabia
1385 4487 1432 4550 (26)

315 4550 353 4598 sic
372 4553 562 4613 expresserat:
586 4552 755 4601 «Trahimur
783 4566 878 4603 omnes
902 4555 991 4604 studio
1013 4555 1110 4617 laudis
1126 4559 1152 4606 et
1174 4557 1294 4620 optimus
1318 4558 1433 4621 quisque

313 4621 432 4670 maxime
444 4620 531 4687 gloria
552 4621 679 4671 ducitur:
696 4623 748 4686 ipsi
765 4622 805 4671 illi
823 4623 1079 4688 philosophietiam
1095 4628 1172 4678 iniis
1194 4627 1302 4690 libellis,
1319 4644 1389 4693 quos
1401 4629 1433 4679 de

312 4693 512 4743 contemnenda
529 4693 618 4757 gloria
634 4694 764 4756 scribunt,
782 4708 883 4745 nomen
899 4711 981 4747 suum
993 4700 1187 4759 inscribunt...
1197 4702 1250 4750 etc.
1266 4719 1278 4743 r
