3742 5167
1570 600 1657 609 ..-
1706 561 1788 627 87
1841 601 1925 609 .-

635 733 967 817 tanquam
1033 747 1170 792 non
1230 726 1678 815 perspiceret,
1747 725 1816 790 in
1873 723 2214 821 bonorum
2254 725 2870 816 improborumque

634 832 1075 901 distinctione
1124 832 1527 923 opinionem
1561 831 1925 899 hominum
1958 832 2218 899 eisdem
2247 833 2566 900 fortunae
2596 833 2870 900 casibus

634 941 912 1029 saepius
951 940 1497 1007 assimulandam
1544 963 1717 1007 esse.
1762 938 1938 1006 Nam
1971 940 2153 1028 quod
2186 939 2500 1007 eamdem
2531 941 2869 1007 rationem

635 1054 946 1115 extrema
997 1046 1311 1135 ejusdem
1361 1048 1694 1114 orationis
1734 1051 1928 1136 parte
1970 1047 2332 1136 repetitam
2363 1047 2447 1114 ad
2505 1046 2868 1114 subtilita-

634 1160 775 1222 tem
818 1153 1193 1243 quamdam
1226 1153 1639 1243 philosopho
1671 1153 2061 1242 digniorem
2090 1152 2431 1220 adducere
2468 1152 2767 1235 videtur,
2799 1152 2869 1219 id

637 1261 920 1350 quidem
958 1261 1156 1327 satis
1221 1262 1718 1340 inconstanter,
1763 1282 1922 1326 cum
1954 1283 1993 1325 a
2038 1260 2266 1348 priore
2298 1261 2868 1349 interpretatione

635 1366 890 1434 idcirco
956 1389 1098 1433 non
1139 1366 1426 1433 desistat
1466 1366 1589 1455 (1),
1643 1366 1761 1433 sed
1802 1372 2037 1433 tamen
2087 1367 2185 1432 sic
2225 1367 2523 1455 intelligi
2578 1368 2751 1443 vult,
2798 1390 2869 1433 se

636 1496 725 1541 ne
794 1474 1218 1563 supplicium
1276 1474 1560 1563 quidem
1590 1474 1764 1562 legis
1792 1497 1868 1541 ac
1893 1472 2142 1563 judicii
2181 1474 2251 1538 in
2292 1473 2619 1540 Pisonem
2660 1496 2869 1562 expe·

635 1582 832 1648 tiisse
874 1582 968 1673 (2)
1013 1602 1027 1648 ε

704 1768 728 1796 «
869 1746 1107 1802 Nullam
1138 1747 1281 1802 mihi
1309 1763 1560 1817 poenam
1584 1747 1816 1802 videtur
1844 1747 2061 1801 habere
2088 1745 2167 1812 id,
2210 1746 2367 1815 quod
2407 1747 2672 1801 accidere
2700 1747 2843 1802 inno

633 1836 810 1907 centi,
836 1837 993 1907 quod
1015 1836 1171 1902 forti,
1202 1838 1360 1907 quod
1389 1837 1658 1907 sapienti,
1693 1836 1852 1907 quod
1883 1836 2039 1890 bono
2060 1835 2183 1889 viro
2215 1840 2273 1889 et
2312 1835 2420 1889 civi
2444 1841 2657 1905 potest.
2691 1837 2867 1890 Dam-

632 1926 790 1980 natio
810 1927 940 1993 ista,
957 1942 1109 1996 quae
1137 1926 1196 1979 in
1209 1931 1264 1980 te
1281 1913 1597 1997 flagitatur,
1614 1925 1820 1996 obtigit
1836 1926 1898 1979 P.
1917 1922 2154 1987 Rutilio,
2172 1924 2331 1994 quod
2346 1924 2649 1994 specimen
2662 1926 2868 1979 habuit

631 2015 776 2069 haec
803 2016 1006 2069 civitas
1028 2015 1435 2069 innocentiae:
1469 2016 1663 2085 major
1706 2013 2143 2083 mihijudicum
2184 2018 2242 2067 et
2278 2012 2637 2083 reipublicae
2678 2031 2869 2084 poena

629 2104 752 2159 visa
781 2110 868 2159 est
924 2121 1102 2174 quam
1162 2104 1373 2169 Rutili;
1409 2106 1466 2161 L.
1529 2104 1792 2173 Opimius
1854 2103 2080 2172 ejectus
2131 2108 2217 2155 est
2248 2118 2277 2156 e
2310 2102 2519 2171 patria,
2574 2103 2623 2156 is
2663 2104 2763 2173 qui
2809 2109 2868 2156 et

631 2198 764 2262 post
793 2199 1131 2263 praeturam
1155 2198 1214 2248 et
1247 2194 1456 2247 consul
1489 2193 1761 2253 maximis
1781 2189 2210 2262 rempublicam
2238 2191 2519 2261 periculis
2542 2190 2824 2247 liberarat
2850 2209 2862 2246 ε

633 2296 746 2334 non
792 2282 851 2334 in
895 2297 975 2341 eo,
1028 2281 1120 2335 cui
1161 2282 1318 2347 facta
1367 2286 1446 2333 est
1481 2281 1718 2349 injuria,
1761 2279 1944 2333 sedin
1988 2279 2076 2341 iis,
2108 2282 2209 2349 qui
2246 2282 2524 2347 fecerunt,
2554 2282 2775 2336 sceleris
2812 2290 2866 2337 et

631 2369 999 2423 conscientiae
1017 2385 1203 2438 poena
1231 2372 1561 2423 remansit...
1598 2387 1625 2419 »
1652 2385 1673 2432 ‚·

633 2560 713 2604 ea
770 2560 936 2605 vero
987 2540 1330 2606 sententia
1370 2540 1512 2605 fere
1581 2539 1951 2628 platonica,
2015 2563 2223 2629 quam
2280 2540 2390 2607 his
2439 2544 2658 2609 nostri
2716 2565 2861 2608 ora·

631 2646 802 2711 toris
834 2643 1064 2712 verbis
1097 2668 1493 2734 expressam
1519 2646 1947 2729 invenimUS,
1994 2647 2321 2714 utebatur
2351 2649 2864 2737 quinquaginta

634 2758 795 2818 ante
836 2753 1038 2818 annis
1079 2752 1170 2840 (3)
1212 2750 1294 2831 Q.
1355 2752 1676 2819 Metellus
1729 2754 2145 2820 Numidicus
2199 2754 2411 2821 verba
2465 2756 2727 2823 faciens
2779 2758 2865 2824 ad

634 2858 940 2939 Quirites
1007 2858 1089 2925 de
1142 2859 1523 2949 triumpho
1572 2882 1779 2949 quem
1831 2859 1959 2926 sibi
1991 2884 2030 2928 a
2080 2862 2294 2927 Mario
2325 2862 2580 2951 ,injuria
2618 2865 2861 2951 negari

630 2965 953 3033 videbat:

704 3157 726 3186 «
766 3137 890 3200 Qua
922 3135 982 3189 in
1024 3152 1108 3200 re,
1142 3140 1364 3205 quanto
1403 3136 1662 3191 universi
1717 3152 1810 3190 me
1869 3152 2057 3190 unum
2114 3136 2425 3206 antistatiS,
2458 3143 2640 3192 -tanto
2696 3137 2862 3191 vobis

627 3241 804 3295 quarn
825 3225 969 3278 mihi
997 3225 1280 3295 majorem
1313 3225 1594 3295 injuriam
1619 3231 1794 3295 atque
1834 3224 2257 3280 contumeliam
2292 3224 2453 3292 facit,
2483 3225 2738 3290 Quirites
2756 3243 2770 3292 ;
2806 3234 2863 3281 et

628 3318 850 3384 quanto
876 3313 1046 3384 probi
1076 3313 1357 3381 injuriam
1387 3313 1622 3369 facilius
1651 3314 1953 3383 accipiunt
1985 3330 2162 3384 quam
2203 3312 2370 3368 alteri
2402 3315 2662 3377 tradunt,
2697 3320 2860 3369 tanto

628 3401 726 3457 ille
757 3403 922 3457 vobis
953 3419 1132 3473 quam
1163 3403 1306 3456 mihi
1346 3404 1612 3474 pej0rem
1651 3403 1943 3458 honorem
1972 3404 2182 3458 habuit
2212 3420 2223 3456 :
2260 3417 2397 3457 nam
2431 3419 2523 3456 me
2577 3404 2861 3475 injuriam

629 3491 806 3560 ferre,
849 3508 951 3546 vos
971 3492 1166 3546 facere
1196 3491 1339 3560 vult,
1374 3492 1629 3557 Quirites
1661 3492 1796 3563 (4)...
1832 3515 1859 3541 »
1894 3509 1906 3558 ;
2114 3482 2119 3486 ’

629 3663 837 3745 atque
896 3655 978 3723 de
1020 3656 1170 3744 ipsa
1222 3655 1395 3722 bene
1461 3661 1583 3722 aut
1641 3657 1820 3721 male
1859 3656 2201 3723 factorum
2263 3656 2688 3723 conscientia
2740 3679 2857 3723 ve-

627 3771 736 3829 tus
799 3763 962 3829 Cato
1017 3762 1112 3829 ita
1151 3762 1565 3830 disseruisse
1606 3763 1827 3830 fertur
1870 3764 1940 3829 in
1993 3786 2071 3830 ea
2111 3763 2422 3829 oratione
2479 3785 2689 3851 quam
2730 3764 2859 3831 sub

629 3868 1044 3936 Numantiae
1085 3863 1451 3935 moenibus
1486 3896 1517 3930 «
1563 3868 1646 3934 ad
1678 3869 1949 3957 equites
1994 3898 2024 3929 »
2069 3867 2367 3935 habebat
2404 3892 2483 3936 eo
2519 3857 2855 3959 tempore.

629 3998 788 4042 cum
841 3976 957 4043 vix
1023 3976 1107 4042 ad
1163 3976 1462 4064 primam
1529 3975 1910 4060 sapientiae
1971 3997 2259 4063 graecae
2316 3977 2675 4043 notionem
2744 4000 2863 4065 per

691 4204 754 4266 (1)
787 4204 926 4253 Nam
945 4216 1217 4251 summam
1242 4215 1474 4266 poenam
1505 4216 1570 4250 ex
1619 4200 1873 4265 opinione
1907 4200 2195 4249 hominum
2223 4199 2550 4262 pendentem
2588 4200 2716 4250 facit
2743 4203 2860 4265 (99),

628 4274 767 4323 sicut
802 4273 1052 4332 faciebat,
1083 4276 1143 4321 42
1175 4275 1341 4321 44-45.

692 4345 757 4407 (2)
789 4345 852 4392 In
887 4346 936 4391 L.
960 4346 1220 4403 Pisonem,
1253 4344 1421 4392 95-99.
1452 4371 1507 4378 ——
1540 4343 1614 4391 Cf.
1653 4345 1729 4393 82.

652 4434 656 4438 ·
692 4416 755 4478 (3)
785 4417 940 4465 Anno
976 4430 1028 4464 u.
1048 4430 1092 4464 c.
1123 4418 1210 4464 647
1233 4436 1292 4457 z
1324 4417 1407 4463 107
1438 4418 1564 4464 ante
1587 4416 1705 4464 Chr.

693 4486 757 4549 (4)
787 4485 956 4535 Aulus
977 4485 1199 4543 Gellius,
1229 4485 1320 4548 qui
1340 4486 1499 4534 nobis
1517 4486 1657 4534 hanc
1687 4487 1890 4535 Metelli
1918 4486 2103 4537 locum
2124 4483 2474 4544 tradit(Noct.
2499 4487 2629 4544 Ate„
2652 4486 2765 4546 XII,
2794 4491 2859 4551 9).

628 4557 683 4605 in
727 4571 789 4605 eo
843 4571 1048 4619 agnose
1079 4557 1235 4606 ivult
1287 4557 1574 4605 «Socratis
1647 4556 1920 4606 decretum
1972 4576 1983 4605 z
2027 4556 2215 4610 κάκιον
2250 4554 2388 4611 εἶναι
2432 4557 2493 4612 τὸ
2526 4555 2727 4611 ἀδικεῖν
2763 4562 2861 4610 τοῦ

629 4633 946 4692 ἀδικεῖσθαι.
971 4656 1058 4679 0—
1087 4638 1165 4684 Ex
1189 4636 1294 4685 alio
1317 4638 1481 4685 etiam
1513 4636 1756 4699 ejusdem
1785 4638 1985 4687 Metelli
2012 4636 2151 4698 1000,
2186 4649 2352 4698 quem
2376 4638 2437 4687 A.
2471 4638 2673 4688 Gellius
2700 4638 2863 4689 refert

627 4715 687 4776 (Ι,
713 4718 780 4777 6),
803 4718 1025 4779 apparet
1048 4730 1174 4765 eum
1205 4718 1262 4765 in
1286 4717 1522 4779 quadam
1535 4717 1910 4781 philosophiae
1936 4719 2133 4768 notitia
2155 4716 2430 4769 eruditum
2444 4734 2564 4769 esse
2590 4718 2860 4770 debuisse.
