3742 5167
1810 548 2165 615 -96-

880 719 1117 786 omnia
1135 718 1444 809 pericula
1460 718 1706 785 mortis
1725 725 1937 807 atque
1959 718 2186 819 exsilii
2213 717 2409 807 parvi
2430 739 2580 784 esse
2598 716 2911 785 ducenda
2934 741 2967 782 ι»
2990 717 3079 807 (1)
3100 738 3114 794 ς

877 848 1178 915 cumque
1232 849 1271 893 a
1335 826 1457 893 tali
1520 824 2008 916 philosophiae
2074 823 2459 892 laudandae
2522 824 2786 891 ratione
2835 847 3117 892 omnem

877 933 1020 999 fere
1099 934 1493 999 Stoicorum
1570 932 2288 1020 Academicorumque
2348 932 2862 998 distinctionem
2926 954 3115 998 amo-

880 1045 1091 1118 veret,
1121 1039 1411 1106 forsitan
1453 1039 1733 1106 nonnisi
1774 1038 1856 1105 de
1890 1038 2235 1105 industria
2267 1043 2679 1105 neutrorum
2721 1060 2805 1104 ne
2835 1038 3122 1105 nomina

877 1146 1160 1236 quidem
1186 1148 1258 1213 in
1289 1145 1466 1213 hanc
1494 1145 2040 1236 disputationem
2081 1144 2564 1213 introduxerit.
2609 1144 2695 1211 Et
2728 1167 2916 1229 vero,
2943 1168 3111 1235 quo-

879 1276 1036 1319 rum
1059 1260 1388 1342 utrosque
1409 1252 1827 1320 nominatim
1860 1251 2267 1342 conjunctos
2310 1257 2648 1342 tanquam
2705 1274 2739 1317 <t
2793 1256 3110 1332 honesta,

879 1365 1087 1441 recta,
1149 1358 1358 1449 digna
1407 1358 1724 1448 imperio,
1783 1358 1996 1447 digna
2042 1359 2302 1449 populo
2364 1381 2651 1426 romano
2713 1386 2741 1422 »
2796 1359 3123 1436 similiter

881 1465 1186 1533 dicentes
1241 1467 1314 1532 in
1355 1488 1480 1533 suo
1521 1464 1825 1533 secundo
1869 1465 1953 1532 de
1998 1466 2274 1532 Finibus
2325 1466 2420 1556 (2)
2479 1466 2929 1555 oppositurus
2978 1471 3123 1533 erat

881 1573 1242 1661 Epicureis
1274 1594 1353 1638 ea
1385 1571 1775 1640 dicentibus
1802 1594 1980 1661 quae
2012 1595 2051 1639 a
2082 1573 2213 1640 viri
2246 1573 2474 1641 civilis
2497 1573 2809 1640 oratione
2837 1574 3123 1641 omnino

883 1678 1367 1757 abhorrerent,
1391 1719 1478 1729 —
1504 1678 1785 1747 eosdem
1809 1678 1920 1746 vid
1932 1679 2133 1746 elicet
2162 1680 2236 1745 in
2275 1686 2672 1747 constanter
2714 1679 3123 1769 fortiterque

883 1782 1163 1851 vivendi
1238 1785 1627 1873 praeceptis
1700 1787 1899 1875 quasi
1957 1787 2207 1853 tacitus
2274 1785 2763 1877 confundebat,
2817 1787 2984 1854 dum
3052 1787 3124 1852 in

884 1890 1197 1958 oratione
1232 1905 1387 1979 post
1421 1881 1719 1958 reditum
1759 1892 1831 1958 in
1876 1896 2130 1960 Senatu
2180 1893 2444 1976 habita,
2494 1894 2814 1961 Pisonem
2846 1900 2926 1960 ut
2962 1894 3124 1982 Epi-

885 2019 1173 2064 cureum
1220 1997 1348 2065 hac
1419 1998 1642 2066 ironia
1711 1998 2282 2089 persequebatur,
2346 1998 2629 2089 quod.is
2684 1999 3124 2087 «magistros

891 2131 922 2165 «
977 2103 1260 2172 haberet
1291 2128 1428 2172 non
1463 2128 1546 2172 ex
1587 2106 1738 2173 istis
1786 2108 2068 2197 ineptiS‚
2116 2108 2232 2196 qui
2273 2106 2420 2173 dies
2457 2112 2636 2173 totos
2669 2105 2750 2174 de
2781 2106 3009 2173 officio
3048 2127 3125 2172 ac

893 2240 920 2273 «
977 2211 1061 2279 de
1084 2212 1342 2280 virtute
1390 2211 1836 2299 dissererent,
1870 2214 1994 2303 qui
2022 2216 2102 2281 ad
2151 2212 2489 2292 laborem,
2556 2212 2639 2280 ad
2681 2212 3121 2294 industriam,

895 2346 926 2379 «
978 2319 1061 2385 ad
1103 2318 1409 2408 pericula
1444 2341 1566 2407 pro
1604 2320 1829 2410 patria
1860 2320 2221 2387 subeunda
2252 2319 2816 2401 adhortarentur,
2860 2319 2980 2386 sed
3013 2342 3127 2387 eos

893 2455 923 2487 «
980 2426 1098 2514 qui
1141 2425 1578 2514 disputarent
1645 2427 1884 2493 horam
1934 2427 2206 2495 nullam
2263 2449 2554 2494 vacuam
2595 2428 2949 2516 voluptate
2979 2448 3127 2493 esse

895 2560 924 2593 «
979 2531 1252 2611 debere,
1289 2533 1359 2597 in
1399 2534 1591 2599 omni
1635 2539 1826 2622 parte
1849 2535 2160 2623 corporis
2193 2556 2469 2623 semper
2499 2542 2819 2623 oportere
2845 2532 3126 2622 aliquod

895 2667 924 2700 «
980 2636 1313 2727 gaudium
1367 2638 2038 2729 delectationemque
2096 2642 2360 2709 versari
2407 2666 2438 2705 1
2498 2640 2644 2731 (3),
2698 2648 2905 2731 atque
2954 2642 3127 2717 ‚item

891 2746 1125 2824 etiam,
1159 2744 1325 2812 dum
1361 2747 1433 2811 in
1475 2746 1679 2813 Sestii
1713 2768 1923 2813 causa
1952 2748 2036 2836 (4)
2074 2746 2156 2813 de
2188 2747 2430 2814 eodem
2462 2747 2750 2815 homine
2790 2747 2958 2815 haec
2987 2748 3125 2814 dis-

893 2850 1215 2919 serebat:

963 3087 990 3114 «
1025 3064 1322 3119 Laudabat
1350 3064 1528 3118 homo
1579 3063 1786 3118 doctus
1839 3063 2227 3134 philosophos
2266 3063 2467 3117 nescio
2515 3079 2665 3133 quos
2692 3079 2888 3133 neque
2921 3078 3127 3117 eorum

891 3162 1090 3210 tamen
1115 3153 1360 3208 nomina
1395 3156 1627 3224 poterat
1654 3152 1873 3217 dicere,
1903 3152 2006 3206 sed
2034 3157 2232 3207 tamen
2273 3168 2372 3206 eos
2401 3151 2681 3206 laudabat
2712 3152 2989 3212 maxime,
3028 3151 3127 3220 qui

887 3244 1168 3298 dicuntur
1219 3247 1452 3312 praeter
1505 3247 1735 3296 ceteros
1775 3257 1901 3295 esse
1942 3246 2216 3296 auctores
2266 3248 2324 3295 et
2376 3240 2722 3296 laudatores
2768 3242 3125 3313 voluptatis;

895 3332 1068 3402 cujus
1099 3336 1155 3385 et
1192 3347 1309 3401 quo
1332 3336 1596 3401 tempore
1629 3339 1686 3384 et
1716 3346 1832 3400 quo
1866 3331 2063 3395 mod0,
2110 3347 2232 3385 non
2279 3331 2622 3400 quaerebat,
2650 3332 2895 3385 verbum
2935 3331 3131 3401 ipsum

895 3420 1169 3475 omnibus
1195 3420 1378 3474 animi
1403 3424 1461 3474 et
1498 3419 1764 3490 corporis
1813 3420 2082 3489 partibus
2134 3420 2486 3485 devorarat3
2550 3420 2909 3490 eosdemque
2957 3435 3129 3490 prae-

894 3509 1049 3564 clare
1073 3509 1268 3563 dicere
1301 3508 1496 3563 aiebat
1525 3508 1820 3579 sapientes
1864 3510 2067 3563 omnia
2094 3524 2200 3562 sua
2231 3523 2409 3563 causa
2437 3506 2655 3572 facere,
2698 3504 3130 3575 rempublicam

892 3612 1200 3667 capessere
1231 3596 1536 3650 hominem
1565 3597 1717 3650 bene
1744 3612 1958 3650 sanum
1986 3614 2106 3651 non
2130 3602 2423 3667 oportere,
2448 3594 2599 3649 nihil
2634 3611 2763 3649 esse
2795 3593 3130 3663 praestabi-

892 3686 1006 3740 lius
1037 3686 1227 3739 otiosa
1252 3685 1365 3738 vita
1395 3684 1573 3755 plena
1603 3689 1661 3738 et
1688 3684 1957 3739 conferta
1982 3684 2418 3755 voluptatibus;
2453 3700 2551 3738 eos
2582 3689 2802 3746 autem,
2834 3682 2937 3752 qui
2969 3682 3129 3736 dice-

894 3781 1030 3829 rent
1072 3774 1339 3845 dignitati
1396 3790 1522 3827 esse
1582 3774 1979 3841 serviendum,
2031 3775 2389 3845 reipublicae
2450 3772 2913 3837 consulendum,
2947 3765 3132 3824 officii

894 3863 1188 3917 rationem
1220 3863 1280 3916 in
1303 3862 1466 3916 omni
1495 3862 1631 3930 vita,
1668 3879 1788 3917 non
1833 3864 2131 3918 commodi
2161 3880 2290 3918 esse
2318 3863 2678 3925 ducendam,
2720 3860 2996 3915 adeunda
3025 3875 3131 3929 pro

964 4121 1029 4183 (1)
1066 4120 1130 4169 P.
1161 4118 1375 4178 Archia,
1410 4121 1466 4167 14

965 4192 1028 4252 (2)
1062 4192 1126 4251 11,
1147 4193 1224 4240 76.
1253 4191 1452 4240 Eadem
1486 4189 1596 4239 fere
1627 4190 1792 4240 verba
1812 4191 1889 4240 ihi
1914 4190 2162 4239 invenies
2195 4191 2355 4251 atque
2379 4188 2439 4237 in
2474 4188 2613 4237 locis
2637 4188 2965 4246 orationum,
2998 4198 3135 4249 quos

901 4261 1229 4311 conferimus
1262 4280 1272 4309 :
1304 4278 1326 4307 «
1359 4264 1424 4310 At
1446 4275 1572 4310 vero
1603 4262 1713 4321 illa,
1747 4276 1885 4325 quae
1930 4261 2292 4324 Peripatetici,
2320 4274 2456 4323 quae
2481 4260 2646 4308 Stoici
2687 4258 2893 4316 dicunt,
2926 4269 3139 4320 semper

902 4333 998 4382 tibi
1022 4333 1080 4381 in
1117 4346 1205 4382 ore
1233 4335 1360 4382 sunt
1387 4334 1442 4381 in
1468 4333 1703 4396 JudiciiS‚
1738 4335 1793 4382 in
1825 4336 2020 4383 senatu
2043 4334 2244 4396 (Cicero
2267 4333 2598 4393 Torquatum
2630 4331 3014 4393 Epicureorum
3043 4328 3138 4377 de-

902 4404 1171 4453 fensorem
1228 4402 1536 4467 alloquitur)
1571 4419 1582 4453 :
1644 4406 1899 4463 officium,
1950 4404 2302 4467 aequitatem,
2355 4402 2696 4465 dignitatem,
2752 4400 2931 4459 fidem,
2971 4401 3135 4457 recta,

901 4476 1148 4535 honesta,
1202 4474 1366 4537 digna
1423 4476 1668 4539 imperiO,
1706 4476 1871 4540 digna
1917 4474 2119 4540 populo
2148 4487 2393 4532 romane,
2454 4473 2640 4522 omnia
2670 4472 2912 4535 pericula
2955 4484 3051 4536 pro
3080 4484 3136 4519 re

901 4545 1136 4610 publica,
1159 4546 1301 4594 mori
1319 4560 1416 4609 pro
1442 4547 1696 4611 patria‚...
1738 4566 1757 4587 »ι
1792 4550 1894 4597 etc.
1930 4574 1984 4582 —
2017 4545 2092 4594 Cf.
2117 4546 2261 4593 nost.
2296 4544 2436 4593 Part.
2469 4543 2509 4601 Ι,
2544 4557 2657 4605 cap.
2683 4542 2774 4589 111.

971 4617 1034 4678 (3)
1065 4618 1190 4665 Post
1219 4617 1454 4667 reditum
1478 4618 1535 4666 in
1557 4620 1769 4677 senatu,
1803 4619 1879 4667 14.

971 4690 1034 4750 (4)
1066 4690 1124 4738 Ρ.
1157 4689 1343 4749 Sestio,
1375 4690 1451 4738 23.
