3742 5167
1555 558 1946 626 -107—

620 723 926 810 relinqui
975 721 1250 805 debere,
1300 723 1390 789 M.
1427 722 1699 790 Tullius
1757 722 1933 790 nihil
1976 744 2143 791 sane
2195 730 2436 791 contra
2482 725 2679 809 dixit,
2722 709 2856 789 nisi

621 832 805 924 quod
851 838 1006 921 post
1038 832 1324 899 relatam
1351 832 1662 901 Caesaris
1686 833 2100 910 sententiam
2135 852 2213 897 ea
2238 827 2854 905 animadvertebat,

619 940 806 1008 unde
838 940 1003 1006 satis
1035 944 1344 1028 apparet,
1379 961 1503 1006 cur
1548 937 2033 1005 brevissimam
2065 959 2229 1004 sane
2264 933 2516 1002 horum
2560 962 2591 995 «
2636 941 2854 1001 aeter·

621 1068 873 1114 norum
937 1046 1443 1135 suppliciorum
1487 1074 1514 1105 »
1570 1044 2307 1112 commemorationem
2346 1043 2413 1106 in
2488 1042 2858 1107 «latrones

621 1153 864 1221 Italiae
903 1184 930 1213 »
976 1154 1123 1242 ipse
1155 1154 1483 1220 extremis
1525 1153 1788 1241 primae
1849 1152 1932 1220 de
1979 1150 2275 1219 Catilina
2330 1148 2663 1216 orationis
2702 1169 2858 1215 ver-

628 1260 733 1327 bis
775 1260 878 1348 (1)
911 1259 1303 1327 intenderet
1344 1282 1358 1329 :

697 1449 725 1479 «
759 1430 982 1499 Itaque,
1016 1433 1083 1483 ut
1124 1427 1323 1499 aliqua
1366 1428 1423 1481 in
1453 1419 1581 1483 'vita
1638 1427 1895 1481 formido
1933 1428 2220 1498 improbis
2259 1430 2418 1481 esset
2452 1424 2663 1496 posita,
2707 1421 2862 1492 apud

627 1518 851 1573 inferos
881 1517 1173 1588 ejusmodi
1227 1518 1522 1588 quaedam
1566 1517 1651 1571 illi
1681 1518 1913 1587 antiqui
1962 1516 2253 1587 supplicia
2300 1514 2497 1583 impiis
2541 1510 2862 1567 constituta

629 1624 755 1661 esse
788 1606 1129 1674 voluerunt,
1162 1607 1322 1677 quod
1367 1606 1639 1660 videlicet
1675 1606 2089 1677 intelligebant
2131 1606 2222 1660 his
2264 1603 2514 1659 remotis
2564 1617 2685 1657 non
2734 1616 2858 1653 esee

628 1698 885 1749 mortem
917 1694 1105 1765 ipsam
1128 1694 1666 1765 pertimescendam
1698 1695 1796 1765 (2).
1837 1715 1860 1745 n

719 1882 801 1947 Et
849 1903 1039 1959 vero,
1083 1882 1202 1970 qui
1247 1882 1341 1947 sic
1382 1880 1777 1962 definiebat,
1817 1882 1982 1971 quid
2018 1881 2178 1949 boni
2240 1883 2310 1948 in
2356 1881 2676 1970 populari
2719 1885 2862 1969 opi-

628 1988 839 2054 nione
869 1988 1151 2069 inesset,
1185 1987 1368 2055 idem
1405 1990 1476 2055 in
1497 1988 1654 2054 aliis
1676 1988 2109 2056 orationibus
2132 2011 2254 2078 per
2284 1988 2398 2077 phi
2414 1986 2786 2077 losophoru
2802 2013 2862 2053 [n

629 2095 930 2161 rationes
962 2096 1080 2162 vix
1111 2096 1343 2162 minus
1371 2118 1579 2184 quam
1615 2118 1734 2185 per
1757 2097 1978 2184 ipsam
2005 2118 2331 2162 romanae
2365 2124 2391 2153 «
2439 2095 2798 2183 dignitatis
2834 2125 2858 2153 n

633 2202 1131 2268 conscientiam
1185 2202 1361 2268 effici
1431 2202 1681 2270 debere
1714 2202 2070 2291 professus
2110 2208 2237 2280 est,
2309 2207 2509 2268 utne
2567 2201 2862 2290 sapienti

631 2307 934 2397 fortique
971 2308 1118 2373 viro
1158 2329 1405 2374 mors«
1442 2308 1994 2397 pertimescenda
2040 2337 2071 2370 »
2106 2308 2460 2374 videretur
2503 2326 2517 2374 :
2553 2308 2649 2374 sic
2681 2309 2862 2373 enini

634 2412 997 2481 honestam
1045 2437 1077 2477 α
1124 2415 1457 2481 cessionis
1511 2441 1540 2478 n
1595 2440 1760 2483 suae
1820 2416 2357 2505 explicationem
2409 2414 2702 2481 orationi
2745 2437 2866 2503 pro

633 2520 710 2586 P.
746 2521 969 2586 Sestio
1023 2518 1298 2588 habitae
1342 2520 1434 2611 (3)
1469 2524 1800 2590 insertam
1835 2546 1874 2589 a
1943 2522 2336 2612 repetendis
2389 2523 2513 2603 eiS,
2576 2543 2752 2611 quae
2802 2525 2866 2585 in

632 2626 932 2693 Cluentii
962 2625 1364 2695 defensione
1409 2628 1491 2696 de
1519 2630 1819 2718 optanda
1860 2631 1932 2696 in
2017 2631 2320 2696 miseriis
2421 2635 2640 2696 morte
2693 2628 2866 2695 dicia

635 2732 838 2798 modo
877 2734 1401 2816 notavimuS,ad
1425 2737 1812 2825 colligenda
1846 2739 2089 2804 mortis
2143 2737 2415 2803 fortiter
2443 2737 2866 2826 oppetendae

637 2843 702 2904 et
742 2844 1153 2924 argumenta
1207 2848 1271 2905 et
1312 2841 1629 2929 exempla
1677 2841 2098 2909 deducebat:
2141 2885 2148 2889 -

709 3042 804 3077 α...
839 3022 988 3088 Quid
1020 3018 1184 3075 tum?
1216 3026 1549 3077 mortemne
1588 3021 1925 3093 fugiebam?
1950 3024 2038 3076 An
2067 3028 2195 3077 erat
2223 3039 2320 3077 res
2343 3023 2484 3090 ulla,
2518 3040 2699 3093 quam
2725 3029 2866 3078 milii

635 3112 822 3183 magis
852 3111 1171 3182 optandam
1204 3111 1521 3179 putarem?
1564 3118 1665 3167 aut
1696 3127 1801 3181 ego
1834 3109 1968 3164 illas
1999 3127 2093 3164 res
2124 3116 2319 3165 tantas
2350 3112 2409 3166 in
2440 3117 2606 3167 tanta
2646 3114 2870 3182 impru-

635 3200 848 3255 borum
888 3199 1272 3255 multitudine
1319 3216 1456 3254 cum
1486 3201 1786 3272 gerebam,
1825 3215 1949 3253 non
1975 3199 2123 3253 mihi
2154 3217 2334 3266 mors,
2369 3218 2488 3255 non
2519 3201 2764 3256 exilium
2798 3205 2870 3257 nl-

637 3289 842 3344 oculos
871 3288 1254 3345 versabatur?
1285 3305 1401 3343 non
1456 3291 1600 3343 haec
1633 3288 1889 3358 denique
1921 3304 1955 3342 a
1984 3304 2077 3342 me
2122 3295 2247 3342 tum
2305 3294 2590 3361 tanquam
2646 3292 2764 3345 fata
2814 3293 2866 3345 in

636 3379 762 3449 ipsa
791 3396 853 3434 re
885 3379 1145 3451 gerenda
1184 3379 1597 3433 canebantur?
1627 3380 1712 3432 An
1747 3382 1875 3432 erat
1913 3376 2057 3431 mihi
2091 3378 2150 3431 in
2192 3382 2353 3432 tanto
2386 3378 2549 3433 luctu
2577 3397 2866 3437 meorum.

636 3472 803 3523 tanta
820 3470 870 3523 di
873 3468 1208 3538 junctione,
1235 3472 1398 3522 tanta
1419 3470 1761 3536 acerbitate,
1785 3473 1950 3524 tanta
1972 3469 2323 3537 spoliatione
2351 3470 2620 3524 omnium
2648 3487 2842 3525 rerum
2858 3525 2870 3545 ἱ

637 3573 786 3627 quas
835 3557 978 3610 mihi
1035 3560 1139 3610 aut
1167 3560 1382 3611 natura
1419 3565 1522 3612 aut
1559 3559 1801 3613 fortuna
1831 3558 2076 3613 dederat
2107 3559 2197 3625 (4),
2227 3558 2347 3613 vita
2377 3559 2724 3614 retinenda?
2753 3563 2870 3613 tarn

634 3661 799 3700 eram
828 3646 1018 3710 rudiS‚
1051 3650 1172 3699 tam
1215 3644 1455 3717 ignarus
1495 3664 1719 3713 rerum,
1771 3652 1892 3702 tam
1934 3664 2148 3718 expers
2203 3648 2433 3704 consilii
2466 3655 2568 3703 aut
2616 3649 2874 3721 ingenii?

636 3734 784 3788 nihil
828 3735 1157 3797 audieram,
1208 3734 1358 3789 nihil
1406 3736 1686 3803 videram,
1752 3737 1899 3791 nihil
1953 3738 2077 3808 ipse
2120 3737 2366 3809 legendo
2414 3739 2870 3809 quaerendoque

641 3839 1051 3894 cognoveram,
1109 3824 1450 3878 nesciebam
1480 3825 1630 3879 vitae
1664 3826 1903 3880 brevem
1935 3843 2062 3881 esse
2089 3843 2351 3896 cursum,
2398 3828 2621 3900 gloriae
2662 3833 2870 3897 sempi-

703 4052 769 4106 (1)
799 4051 861 4099 In
889 4050 1046 4100 Catil.
1076 4053 1115 4110 I,
1153 4054 1245 4100 33:
1282 4072 1303 4095 «ι
1431 4054 1506 4101 Tu
1536 4053 1744 4114 Jupiter
1778 4085 1854 4111 ...,
1889 4052 2129 4102 latrones
2148 4052 2334 4102 Italiae
2366 4053 2630 4101 scelerum
2665 4052 2874 4102 foedem-

637 4124 778 4171 inter
806 4138 862 4171 se
895 4137 957 4171 ac
986 4123 1191 4172 nefaria
1216 4124 1472 4172 societate
1490 4124 1810 4183 conJ’unctos
1842 4125 2077 4173 aeternis
2108 4124 2389 4187 suppliciis
2416 4125 2569 4173 vivos
2612 4127 2870 4173 mortu-na-

641 4208 742 4256 que
774 4194 1039 4243 mactabis
1059 4208 1120 4252 ));
1148 4222 1203 4229 -
1232 4197 1390 4256 atque
1415 4193 1669 4241 similiter
1701 4192 1764 4241 de
1796 4195 1995 4243 Antoni
2022 4194 2287 4244 latrocinii
2311 4195 2471 4244 sociis
2501 4195 2557 4243 in
2583 4194 2874 4258 Philippica

641 4265 849 4322 xlv‚32
873 4280 884 4314 :
913 4287 933 4308 α
963 4265 1052 4313 llli
1091 4265 1254 4328 igitur
1278 4265 1451 4327 impii,
1475 4279 1611 4328 quos
1642 4264 1932 4324 cecidistis,
1960 4267 2125 4315 etiam
2156 4266 2221 4315 ad
2248 4266 2450 4315 inferos
2479 4279 2679 4329 poenas
2710 4269 2874 4329 parri*

641 4335 765 4385 cidii
807 4336 974 4394 luent,
1024 4364 1084 4371 —
1131 4350 1228 4384 vos
1260 4350 1402 4393 vere,
1435 4337 1523 4398 qui
1574 4340 1878 4385 extremuni
1914 4338 2167 4399 spiritum
2216 4339 2273 4385 in
2321 4339 2549 4387 victoria
2592 4336 2870 4385 effudistis.

640 4407 856 4468 piorum
881 4408 1012 4455 estis
1043 4406 1226 4456 sedem
1248 4410 1298 4454 et
1323 4407 1505 4455 locum
1530 4408 1812 4457 consecuti
1846 4426 1889 4457 ι.

707 4477 860 4539 (2)1n
897 4477 1054 4528 Catil.
1093 4480 1176 4536 lv,
1214 4480 1257 4527 8.

704 4550 767 4607 ‹3›
797 4550 854 4598 P.
888 4548 1073 4606 Sesti0,
1099 4563 1212 4612 cap.
1238 4551 1313 4597 21.
1340 4549 1416 4599 Cf.
1447 4565 1628 4613 supra,
1665 4565 1718 4614 p.
1753 4553 1829 4599 82.

701 4621 764 4679 (4)
799 4620 858 4667 In
892 4620 970 4668 eis
1018 4621 1344 4668 sententiam
1380 4621 1746 4682 agnoscimuS‚
1790 4636 1959 4685 quam
2000 4623 2055 4671 in
2107 4626 2243 4671 orat..
2276 4624 2333 4672 P.
2386 4622 2630 4673 Cluentio
2665 4625 2871 4670 notani-

640 4702 781 4740 mus.
