3742 5167
1719 530 2082 595 ..36-

789 699 1086 790 phorum
1113 702 1514 787 contemptu
1554 696 2046 764 vindicandum
2088 696 2174 785 (1)
2215 695 2345 762 hoc
2384 696 2617 785 ipsum
2647 717 3023 785 argumen-

792 812 942 873 tum
1006 828 1045 872 a
1095 804 1382 872 Platone
1454 804 1527 871 in
1587 802 1935 893 sophistas
2000 804 2349 870 intentum
2428 801 2777 891 adhibeat,
2836 802 3021 893 quod

786 920 1020 979 orator
1056 931 1096 978 a
1122 909 1567 1001 philosophia
1593 911 1977 977 instructus
2010 932 2160 977 esse
2190 908 2456 996 debeat,
2480 915 2741 976 —tum
2770 932 2858 977 ne
2890 908 3020 977 hac

787 1017 1071 1107 quidem
1094 1016 1578 1108 philosophiae
1610 1016 1693 1084 ad
1716 1016 2190 1106 eloquentiam
2220 1015 2699 1107 adjungendae
2755 1017 3023 1084 ratione

786 1146 947 1192 eum
966 1124 1300 1192 deterreri
1320 1124 1642 1192 videmus
1664 1145 1702 1189 a
1723 1122 2275 1191 commendanda
2291 1123 2599 1213 illavaga
2620 1128 2684 1191 et
2696 1123 3029 1193 universa

794 1228 878 1297 de
943 1230 1134 1297 omni
1192 1252 1291 1312 re,
1334 1251 1815 1319 quaecumque
1867 1234 2046 1297 esset
2090 1231 2472 1320 proposita,
2513 1236 2754 1297 ornate
2797 1232 3025 1320 copio-

785 1358 997 1426 seque
1032 1335 1303 1404 dicendi
1338 1337 1795 1426 professione,
1833 1359 2009 1425 quae
2041 1337 2516 1427 sophistarum
2552 1339 2832 1428 propria
2852 1338 3023 1405 fuis-

784 1450 910 1509 set.
946 1443 1086 1509 Nec
1116 1464 1280 1510 vero
1305 1450 1566 1510 temere
1591 1445 1917 1511 effectum
1947 1449 2069 1515 est.
2103 1451 2204 1527 ut,
2241 1467 2414 1534 quos
2446 1444 2529 1511 ad
2566 1444 3019 1535 philosophos

786 1550 1188 1616 recentioris
1218 1551 1463 1616 aetatis
1498 1550 1623 1617 hoc
1655 1550 2128 1640 sophistarum
2169 1551 2685 1632 institutum,—
2718 1579 2745 1608 «
2775 1550 3020 1641 jubere

786 1655 1042 1740 dicere,
1073 1679 1211 1746 qua
1240 1655 1322 1724 de
1352 1679 1424 1723 re
1453 1657 1606 1745 quis
1628 1656 1837 1724 vellet
1878 1656 2121 1724 audire
2157 1685 2212 1744 »‚
2244 1698 2331 1706 —
2371 1658 2569 1747 quasi
2603 1658 3019 1725 translatum

788 1762 935 1851 ipse
966 1762 1376 1852 videret(2),
1424 1784 1545 1852 per
1585 1784 1701 1829 eos
1743 1764 2185 1852 potissimum
2223 1764 2435 1854 (quod
2465 1786 2652 1831 nunc
2695 1770 2905 1831 restat
2936 1765 3017 1831 ad

786 1869 1304 1959 explicandum)
1346 1893 1500 1937 eam
1541 1871 2025 1962 philosophiae
2058 1872 2599 1962 adjunctionem,
2636 1895 2845 1962 quam
2888 1873 3017 1940 sibi

786 1975 1021 2042 animo
1049 1985 1489 2066 proponeret,
1520 1979 1779 2046 oratori
1810 1979 2257 2068 repetendam
2290 2001 2438 2047 esse
2459 1979 2898 2070 judicaverit.

849 2206 914 2268 (1)
947 2206 1097 2256 Hanc
1121 2207 1295 2270 ipsam
1326 2209 1853 2272 argumentationem
1877 2210 2058 2260 Cicero
2083 2212 2269 2261 tribuit
2299 2227 2396 2261 suo
2421 2214 2607 2262 Crasso
2634 2216 2822 2264 contra
2850 2214 3022 2278 philo-

785 2278 985 2340 sophos
1017 2278 1333 2341 disputanti,
1357 2293 1589 2342 quorum
1607 2281 1662 2328 in
1688 2280 1958 2330 irridendo
1980 2285 2188 2332 oratore
2206 2297 2506 2333 consensus
2538 2285 2604 2334 ab
2626 2285 2719 2333 illo
2747 2286 2801 2334 in
2826 2286 3019 2349 Gorqia

785 2349 1002 2398 Socrate
1036 2352 1344 2400 manavisse
1369 2352 1584 2401 dicitur.
1625 2350 1700 2401 Cf.
1729 2354 1804 2401 De
1837 2353 1922 2401 Or.
1953 2354 1991 2412 l,
2033 2356 2105 2413 46,
2138 2357 2216 2405 47.

851 2421 914 2482 (2)
951 2420 1098 2468 Sicut
1148 2422 1260 2483 ipse
1291 2421 1512 2484 indicat,
1543 2423 1619 2471 De
1657 2422 1740 2471 Or.
1775 2423 1815 2481 I,
1846 2425 1935 2471 102
1968 2437 1979 2482 ;
2013 2424 2085 2472 De
2113 2425 2157 2472 F
2180 2425 2307 2484 nib„
2336 2426 2401 2484 ΙΙ,
2434 2428 2519 2473 1-2
2547 2441 2557 2475 :
2593 2444 2615 2471 «
2644 2426 2819 2477 audax
2853 2442 3015 2492 nego-

784 2490 921 2539 tium
949 2490 1231 2554 (Gorgiae),
1264 2490 1496 2541 dicerem
1520 2493 1826 2556 impudens,
1859 2494 1968 2543 nisi
2004 2496 2105 2544 hoc
2130 2496 2445 2547 institutum
2473 2501 2663 2561 postea
2693 2500 3019 2549 translatum

785 2559 851 2609 ad
871 2563 1089 2610 nostros
1114 2563 1469 2626 philosophos
1510 2566 1737 2624 esset...‚
1774 2567 1875 2615 etc.
1906 2579 1938 2614 1>
