3742 5167
927 1191 1075 1261 CAPUT
1094 1192 1158 1260 Ill.

485 1435 532 1496 De
570 1458 584 1490 α
618 1427 769 1518 propriis
792 1426 1072 1517 philosophorum
1094 1423 1269 1491 sententiis
1302 1451 1317 1485 u
1346 1445 1410 1513 per
1430 1422 1596 1491 Ciceronis
1667 1513 1669 1517 ,

838 1534 1007 1600 orationes
1021 1531 1263 1599 disseminatis.

1036 1898 1047 1953 Ι

526 2159 617 2224 Dum
644 2157 692 2223 ita
719 2155 976 2244 persequimur,
1010 2153 1101 2220 sicut
1127 2153 1295 2220 hactenus
1324 2154 1483 2234 fecimus,
1513 2154 1597 2242 quid

481 2266 702 2352 potissimum
719 2284 779 2351 per
795 2262 980 2327 Ciceronis·
997 2262 1171 2327 orationes
1187 2262 1218 2327 ei
1239 2260 1365 2327 rationi
1388 2259 1597 2349 respondere

481 2371 651 2451 videatur,
664 2390 768 2458 quam
783 2367 824 2434 de
838 2366 1062 2456 philosophia
1076 2366 1321 2433 adoratorium
1336 2388 1441 2433 usum
1453 2388 1597 2452 cognos·
1688 2403 1690 2408 ·

480 2477 589 2543 cenda
604 2477 754 2542 maxime
776 2474 885 2562 ipsius
909 2475 1087 2563 propriam
1107 2495 1183 2541 esse
1203 2472 1501 2562 judicaveramus,
1521 2494 1597 2563 pro·

481 2585 556 2673 pria
571 2582 726 2671 ejusdem
747 2580 892 2646 rationis
908 2579 944 2646 vi
959 2577 1189 2662 efficiebatur,
1207 2586 1244 2645 ut
1265 2601 1334 2646 non
1359 2586 1430 2646 tam
1453 2580 1495 2647 de
1512 2580 1597 2668 ipsis

480 2688 584 2756 rebus
599 2695 632 2756 et
656 2687 838 2754 sententiis
866 2707 972 2773 quam
998 2685 1039 2751 de
1059 2707 1179 2751 earum
1205 2686 1465 2753 tractandarum
1492 2688 1596 2753 modo

481 2816 738 2883 quaereremus.
757 2791 857 2873 Quod
873 2814 955 2858 sane
968 2793 1016 2858 ita
1031 2792 1107 2858 fieri
1120 2791 1253 2877 debuit,
1268 2793 1353 2859 dum
1367 2793 1403 2859 in
1419 2794 1594 2860 universis

480 2903 584 2970 rebus
594 2901 832 2978 versabamur,
850 2920 1001 2988 quarum
1015 2898 1058 2965 ad
1069 2921 1271 2966 communes
1283 2922 1439 2966 summas
1454 2920 1596 2967 omnem

482 3040 496 3071 Ι
518 3010 658 3077 civilem
673 3009 866 3075 orationem
884 3006 930 3095 (Ι)
951 3034 966 3066 »
988 3006 1074 3071 alias
1089 3006 1158 3071 alio
1172 3005 1273 3072 modo
1289 3007 1462 3095 pertinere
1477 3014 1597 3072 noster

478 3125 599 3184 auctor
626 3114 853 3203 intelligebat,
880 3135 1036 3202 quasque
1065 3112 1206 3179 easdem
1233 3112 1304 3180 fere
1336 3135 1395 3202 per
1420 3112 1528 3179 libros
1557 3114 1597 3179 de

481 3223 674 3311 Republica,
690 3226 729 3287 de
740 3220 884 3310 Lepidus
896 3221 958 3311 (2),
971 3218 1011 3284 de
1025 3218 1169 3308 Officiis,
1181 3220 1367 3307 inscriptos
1383 3226 1476 3286 certa
1496 3218 1591 3286 adhi-

480 3332 550 3399 bita
569 3319 702 3396 ratione
719 3330 792 3417 ipse
816 3326 1023 3414 explicavit:
1051 3348 1131 3392 nem
1156 3327 1192 3391 in
1220 3325 1321 3393 rebus
1342 3326 1417 3414 ejus
1444 3328 1593 3415 generis,

479 3459 540 3527 per
559 3436 714 3526 singulas
734 3437 906 3502 orationes
927 3435 1058 3521 sparsis
1078 3442 1210 3501 etcum
1232 3434 1274 3501 ad
1294 3437 1595 3525 opportunitatem

480 3545 657 3612 variarum
683 3564 868 3609 causarum
900 3547 973 3607 tum
1008 3540 1051 3606 ad
1080 3541 1285 3630 popularem
1324 3543 1595 3630 intelligentiam

475 3639 757 3728 'accommodatis
770 3648 862 3717 haud
873 3648 974 3714 facile
984 3647 1167 3736 dijudicari
1180 3655 1304 3738 potest,
1323 3648 1406 3738 quid
1421 3672 1441 3716 a
1455 3651 1595 3738 propria

478 3757 765 3848 philosophorum
788 3756 945 3823 doctrina
972 3756 1086 3843 potius
1115 3778 1222 3845 quam
1243 3778 1263 3823 a
1291 3755 1427 3843 vulgari
1443 3757 1594 3844 quadam

478 3865 559 3930 etin
578 3864 690 3930 medio
713 3863 824 3951 posite
849 3862 1019 3950 supientia
1042 3861 1187 3929 ductum
1208 3864 1265 3942 sit,
1287 3863 1493 3951 praesertim
1513 3884 1593 3928 cum

479 3971 586 4037 nostri
601 3971 747 4036 oratoris
763 3968 997 4036 adulescentia
1013 3969 1048 4034 in
1065 3991 1141 4035 eam
1154 3973 1301 4036 aetatem
1318 3967 1508 4049 incidisset,
1526 3989 1594 4056 que

476 4078 511 4142 iu
527 4098 669 4143 romana
684 4076 823 4143 civitate
846 4104 860 4137 (ι
882 4076 1056 4164 majorum
1075 4103 1090 4137 »
1110 4075 1292 4165 prudentia
1306 4074 1423 4163 aliqua
1439 4073 1594 4164 philoso-

476 4182 578 4273 phiae
590 4204 733 4272 graecae
757 4183 1072 4249 communicatione
1083 4181 1156 4270 jam
1177 4182 1338 4249 immixta
1351 4186 1436 4248 erat.
1464 4180 1594 4261 Quem-

437 4360 442 4370 ,
475 4289 663 4357 admodum
694 4290 788 4356 enim
818 4288 910 4379 apud
944 4289 1092 4355 Graecos
1123 4287 1386 4378 philosophias
1413 4287 1592 4355 communi

474 4402 507 4463 et
536 4397 635 4486 quasi
656 4417 742 4484 vaga
761 4396 932 4485 sapientia
952 4396 1168 4487 adproprias
1188 4395 1481 4485 sublimioresque
1498 4394 1593 4483 cogi-

504 4640 536 4702 (Ι)
551 4639 588 4690 Gt.
605 4641 642 4688 De
661 4640 714 4699 Or,
733 4639 779 4699 ΙΙΙ,
795 4642 839 4689 1⁰9
853 4654 930 4704 sqq.;
944 4644 973 4691 54
987 4655 1047 4706 sqq.

504 4715 535 4775 (ΙΙ
550 4714 584 4762 De
598 4712 685 4776 primo
696 4713 856 4776 praesertim
871 4712 940 4763 libro
951 4714 983 4763 de
996 4712 1083 4777 Lepib.
1095 4714 1138 4762 hic
1152 4713 1290 4776 loquimur
