3742 5167
801 537 972 605 *69-

331 727 408 770 rum
440 710 474 769 et
499 704 655 791 magistri
689 705 764 791 (ljn
787 706 1052 794 ,praeceptiset
1084 704 1332 795 disciplina-
1358 704 1447 771 shut

329 812 404 901 ipse
418 810 574 879 narravit
586 811 628 896 (2)
645 850 684 862 —
698 810 847 879 maxime
867 834 972 879 usum
983 834 1058 879 esse
1074 834 1081 878 :
1100 811 1141 878 ad
1157 809 1445 901 philosophorum

327 924 418 985 certe
435 916 587 999 scholas,
600 917 636 983 in
649 918 776 1007 quibus
793 919 924 986 versari
941 924 975 985 et
987 924 1066 985 ante
1071 918 1144 1009 jam
1155 924 1317 1007 coeperat
1327 923 1442 985 ettum

327 1023 382 1091 vel
399 1024 549 1091 maxime
564 1027 741 1113 pergebat,
760 1024 852 1091 idem
874 1047 941 1091 non
973 1031 1105 1093 temere
1134 1023 1302 1091 indicavit
1322 1045 1444 1092 earum

328 1132 530 1220 graviorum
547 1131 801 1198 sententiarum
824 1131 1069 1198 tractationem
1098 1132 1284 1221 pertinere,
1318 1129 1446 1220 quibus

329 1238 362 1303 in
384 1237 445 1304 illa
464 1238 541 1327 ipsa
562 1237 640 1306 Sex.
661 1236 774 1303 Roscii
796 1259 900 1303 causa
912 1235 987 1327 jam
1015 1236 1098 1303 satis
1132 1236 1343 1303 instructum
1370 1234 1445 1302 sese

328 1366 408 1412 cum
439 1344 649 1428 ostenderet,
683 1350 755 1410 tum
782 1343 823 1411 ab
849 1366 970 1410 earum
1001 1349 1163 1411 contextu
1193 1343 1236 1409 ad
1257 1343 1444 1433 quamdam

328 1444 486 1517 inanium
503 1450 691 1519 verborum
716 1450 898 1518 lasciviam
923 1451 1116 1518 orationem
1143 1472 1243 1518 suam
1263 1450 1444 1518 deflectere

329 1555 474 1623 sinebat.

369 2240 447 2306 Jam
461 2260 558 2317 vero,
580 2243 618 2303 ut
639 2236 681 2303 ad
704 2234 1059 2304 circumscribendam
1079 2236 1257 2326 propriam
1284 2235 1442 2325 disputa·

325 2347 429 2414 tionis
444 2351 583 2411 nostrae
607 2345 707 2433 quasi
734 2344 913 2431 regionem
935 2345 1048 2433 ipsam
1063 2344 1108 2409 M.
1130 2343 1236 2410 Tullii
1256 2344 1442 2410 auctorita-

325 2460 395 2520 tem
421 2451 658 2529 adhibuimus
685 2452 733 2517 ita
752 2448 873 2517 eodem
888 2451 965 2539 ipso
991 2450 1078 2518 duce
1099 2457 1190 2518 recte
1214 2452 1313 2517 usuri
1341 2450 1441 2517 nobis
1532 2477 1536 2483 ’

324 2558 485 2627 videmur
504 2557 546 2626 ad
566 2556 847 2638 describendum,
870 2556 997 2647 quihus
1012 2558 1232 2647 potissimum
1253 2557 1367 2623 modis
1387 2558 1442 2623 in-

324 2665 457 2746 ciderit,
475 2672 514 2731 ut
536 2685 590 2730 res
605 2669 639 2730 et
657 2664 848 2730 sententiae
863 2665 904 2730 ad
922 2686 998 2731 earn
1024 2662 1266 2753 philosophiae
1292 2671 1438 2753 partem,

324 2795 428 2863 quam
445 2772 608 2852 diximuS,
627 2771 839 2859 pertinentes
852 2772 888 2837 in
904 2772 1020 2839 causis
1036 2773 1143 2838 intexi
1158 2778 1296 2861 possent
1312 2794 1319 2839 :
1336 2770 1441 2861 hujus

323 2880 488 2945 nimirum
505 2878 643 2965 generis
666 2879 865 2945 occasiones
881 2901 921 2945 eo
941 2878 1159 2967 frequentius
1177 2884 1295 2944 noster
1325 2885 1442 2944 orator

322 2987 477 3075 arripere
497 2983 628 3066 debuit,
646 2984 738 3073 quod
756 3007 877 3051 earum
891 2985 1095 3051 varietatem
1110 2982 1153 3051 ad
1165 2990 1276 3049 certas
1289 2985 1440 3051 rationes

323 3094 422 3183 quasi
442 3091 617 3158 redactam
633 3092 750 3157 animo
765 3090 1091 3180 comprehendebat.
1113 3090 1157 3156 Et
1171 3089 1313 3178 quidem
1330 3112 1370 3156 ex
1395 3092 1439 3157 iis

323 3198 504 3265 rhetoricis
528 3196 638 3278 libris,
667 3219 754 3285 quos
781 3195 969 3263 admodum
1002 3194 1206 3262 adulescens
1234 3222 1249 3255 «
1281 3217 1323 3261 ex
1347 3218 1440 3263 com·

322 3304 541 3373 menteriolis
557 3303 629 3369 suis
650 3302 697 3393 (3)
721 3334 736 3364 n
763 3310 993 3392 expresserat,
1020 3302 1104 3368 satis
1117 3308 1273 3390 apparet,
1295 3324 1376 3369 eum
1396 3302 1440 3370 ab

322 3412 407 3501 ipsis
421 3410 602 3478 rhetorum
622 3408 762 3487 scholis,
779 3431 867 3498 quos
883 3408 1028 3488 adierat,
1048 3410 1219 3494 accepisse
1240 3429 1281 3473 ea
1300 3406 1438 3496 (quam-

321 3519 373 3584 vis
394 3519 428 3584 in
455 3516 605 3605 singulis
621 3514 725 3582 rebus
739 3516 843 3606 paulo
859 3516 960 3583 aliter
978 3514 1022 3582 ab
1039 3513 1116 3580 aliis
1132 3514 1329 3604 immutata)
1350 3537 1440 3604 quae

321 3623 362 3693 de
385 3623 608 3691 distinctione
632 3624 741 3689 trium
765 3644 946 3711 generum,
973 3622 1249 3703 demonstrativi,
1271 3621 1438 3689 delibera·

322 3730 399 3809 tivi,
410 3728 604 3818 judicialis,
627 3728 721 3795 etde
741 3720 1049 3819 uniuscujusque«
1065 3729 1134 3796 fine
1162 3753 1193 3807 r,
1215 3768 1257 3777 -
1277 3727 1437 3811 honeste,

321 3837 411 3916 utili,
428 3854 552 3925 aeque,
580 3874 623 3884 -
639 3834 722 3924 (quo
739 3835 871 3924 proprii
886 3834 1166 3925 uniuscujusque
1186 3835 1251 3903 loci
1266 3836 1439 3903 reterren-

275 3984 278 3989 ·
321 3944 404 4033 tur),
423 3940 630 4009 Aristoteles
651 3942 784 4029 primus
804 3940 969 4009 docuerat
985 3943 1045 4031 (l).
1068 3942 1204 4032 Itaque,
1229 3942 1313 4010 dum
1328 3944 1364 4008 in
1385 3967 1439 4011 se·

252 4101 256 4106 .
320 4048 433 4116 cundo
450 4048 577 4114 horum
597 4048 637 4112 de
657 4049 850 4121 [repetitione
869 4048 1041 4115 librorum
1066 4049 1305 4117 Aristoteliam
1327 4050 1368 4116 de
1386 4051 1438 4117 his

321 4155 424 4223 rebus
443 4154 638 4221 doctrinam
669 4155 716 4220 ita
748 4154 928 4221 dumtaxat
956 4163 1148 4222 correctam
1175 4158 1312 4246 repetit,
1338 4164 1376 4223 ut
1402 4158 1438 4224 in

350 4402 383 4463 (t)
398 4403 425 4450 et
440 4401 473 4461 (2)
490 4398 527 4447 Cl.
540 4399 625 4455 Brut,
637 4398 681 4445 3οΊ
698 4398 724 4445 ct
736 4397 790 4444 316.

351 4473 383 4533 (3)
399 4472 474 4521 Sicut
488 4468 586 4519 dicitur
602 4469 631 4517 in
644 4467 782 4531 prooemio
796 4463 882 4514 libril
897 4465 935 4513 De
953 4465 1006 4523 Or,
1018 4468 1040 4515 5.

349 4544 382 4605 (4)
400 4540 502 4591 Eadem
517 4539 571 4589 fere
593 4538 742 4602 exponebat
763 4538 834 4585 circa
861 4530 933 4585 idem
948 4539 1056 4600 tempus
1074 4540 1195 4591 incertus
1209 4545 1303 4591 auctor
1317 4542 1439 4593 Rhetori.

317 4627 408 4661 corum
423 4625 493 4674 quae
508 4610 635 4659 dicuntur
655 4628 667 4651 «
683 4607 717 4657 ad
744 4607 910 4656 Herennium
930 4627 943 4651 n
966 4606 1013 4669 (Gt.
1029 4608 1077 4658 lib.
1093 4611 1139 4671 Ill,
1154 4626 1212 4675 cap.
1229 4614 1288 4673 2-8;
1307 4614 1401 4665 -1jh,
1418 4616 1439 4676 Ι,

317 4696 378 4746 cap.
399 4684 433 4745 2).
