3742 5167
800 555 977 621 „51-

329 715 413 784 orba
429 718 464 784 in
491 718 567 807 ipsa
582 718 725 787 Graecia
758 719 804 809 (1)
823 744 839 787 n
858 720 948 789 facta
975 727 1073 788 erat:
1096 744 1202 812 quam
1223 723 1448 816 disciplinam

329 846 409 891 cum
427 851 443 890 c
460 824 642 893 dimissam
658 847 820 894 revocare
837 827 883 916 (2)
903 856 917 887 »
935 851 972 895 se
983 828 1088 917 paulo
1105 836 1181 918 post
1194 831 1372 919 professus
1388 834 1446 916 sit,

330 933 405 995 tum
420 929 476 997 vel
496 930 649 997 maxime
663 953 700 997 re
711 931 975 1013 demonstravit,
993 960 1008 998 c
1031 956 1110 1002 cum
1126 934 1191 1002 hoc
1204 936 1449 1027 philosophiae

330 1056 468 1123 genere,
487 1035 579 1126 quod
596 1036 668 1127 ipse
686 1047 902 1127 sequeretur,
920 1062 1085 1129 magnam
1100 1064 1176 1109 esse
1192 1044 1322 1111 oratori
1338 1046 1448 1135 socie·

329 1147 436 1209 tatem
458 1169 474 1203 »
497 1142 557 1232 (3).

879 1457 900 1509 V

372 1666 451 1732 Jam
466 1666 600 1733 veroin
616 1666 666 1732 eis
690 1663 804 1747 libris,
822 1688 909 1756 quos
929 1667 971 1735 ad
998 1667 1088 1736 hanc
1104 1668 1373 1758 philosophandi
1393 1693 1447 1738 ra·

328 1773 459 1839 tionem
479 1773 686 1862 composuit,
705 1795 765 1863 per
780 1773 892 1862 ipsam
906 1773 1128 1864 singularum
1144 1775 1446 1866 philosophiarum

328 1879 596 1969 explicationem
616 1901 684 1946 non
708 1880 816 1947 semel
843 1881 878 1947 in
898 1882 1114 1949 occasionem
1131 1882 1264 1961 incidit,
1280 1889 1319 1949 ut
1337 1885 1372 1949 in
1398 1885 1447 1951 eis

328 1986 370 2053 ad
390 1987 537 2053 oratoris
561 1988 732 2053 rationem
753 1986 916 2054 similiter
935 1994 1040 2075 atque
1060 1995 1161 2055 antea
1186 1988 1377 2055 referendis
1392 1988 1447 2057 vel

328 2093 483 2160 acutiora
502 2097 650 2159 notaret.
669 2092 773 2159 Velut
791 2091 1044 2181 Epicureorum
1060 2114 1170 2182 genus
1188 2119 1205 2160 e
1227 2096 1373 2162 minime
1388 2117 1447 2184 ap-

326 2205 403 2266 tum
422 2199 464 2267 ad
481 2198 666 2266 dicendum
682 2197 729 2288 (l)
747 2221 764 2263 n
788 2198 853 2264 sibi
869 2199 981 2265 videri
995 2199 1170 2287 significat
1189 2223 1259 2267 non
1284 2200 1387 2268 modo
1402 2200 1446 2268 ob

327 2328 404 2373 eam
421 2327 562 2373 causam
577 2344 620 2354 -
639 2327 746 2395 quam
762 2305 797 2370 in
818 2305 920 2371 tertio
940 2304 982 2371 de
1001 2306 1142 2372 Oratore
1164 2304 1252 2373 libro
1269 2311 1318 2392 (5)
1334 2308 1445 2375 solam

328 2411 491 2480 afferebat
506 2451 550 2461 -
565 2410 657 2502 quod
674 2411 726 2476 illi
741 2410 784 2477 ab
799 2412 893 2477 omni
915 2410 1030 2478 officio
1049 2412 1143 2479 civili
1160 2413 1213 2480 vel
1231 2415 1336 2480 etiam
1351 2414 1445 2482 virili

327 2524 533 2607 repugnent,
552 2517 613 2585 sed
628 2518 732 2584 etiam
747 2523 930 2606 propterea
943 2518 1034 2607 quod
1051 2520 1161 2607 ipsius
1176 2520 1317 2610 Epicuri
1331 2543 1446 2588 exem-

327 2627 424 2716 plum
440 2627 549 2693 secuti
562 2631 595 2692 et
610 2625 779 2691 orationis
793 2631 997 2691 ornamenta
1013 2625 1198 2715 neglegant
1218 2625 1265 2716 (6)
1280 2633 1315 2693 et
1333 2627 1445 2716 ipsam

328 2762 343 2796 (ι
361 2732 553 2799 disserendi
570 2732 778 2819 elegantiam
798 2758 812 2791 »
826 2737 1048 2798 contemnant
1061 2731 1121 2822 (1).
1142 2733 1348 2801 Academiae
1364 2756 1445 2802 vero

325 2840 513 2906 oratoriam
552 2836 793 2905 excellentiam
821 2837 974 2903 maxime
1010 2838 1227 2926 amplificans
1267 2840 1446 2906 invenitur

326 2946 426 3013 initio
446 2946 561 3035 quarti
580 2944 622 3011 de
640 2943 786 3011 Finibus
797 2940 878 3009 libri
894 2944 953 3030 (8),
975 2942 1035 3009 uhi
1054 2945 1177 3012 Stoicis
1192 2967 1211 3010 a
1226 2944 1355 3012 Catone
1371 2947 1445 3013 lau-

325 3052 414 3120 datis
442 3052 688 3142 Peripateticos
707 3056 911 3138 veteresque
939 3051 1160 3118 Academicos
1176 3052 1322 3141 opponit
1341 3050 1444 3140 (quos

228 3192 234 3199 ·
326 3158 468 3250 quidem
487 3181 557 3225 non
581 3156 684 3224 modo
713 3155 754 3223 ad
782 3157 953 3223 oratoriae
983 3158 1227 3236 institutionis
1257 3156 1443 3224 sedetiam

325 3266 367 3333 ad
383 3266 525 3333 moralis
542 3265 718 3332 doctrinae
732 3262 902 3330 rationem
922 3286 1004 3331 eum
1019 3264 1056 3329 in
1076 3264 1153 3354 ipsa
1167 3264 1280 3331 Crassi
1297 3263 1351 3329 sui
1372 3264 1443 3331 dis-

277 3401 280 3407 ·
323 3374 502 3465 putatione
512 3372 586 3461 jam
606 3373 653 3439 ita
676 3369 947 3459 conjungentem
970 3369 1137 3459 vidimus)
1159 3369 1223 3460 (9),
1246 3369 1288 3436 ad
1303 3389 1442 3436 eorum·

323 3503 391 3571 que
404 3479 540 3548 dicendi
555 3480 702 3548 virtutes
726 3476 969 3566 exprimendas
985 3478 1099 3567 ipsam
1125 3478 1197 3545 fere
1223 3478 1352 3544 summi
1369 3497 1444 3543 ora·

322 3588 408 3655 toris
435 3586 622 3653 definiendi
641 3584 843 3668 formulam,
865 3605 971 3673 quam
997 3585 1034 3651 in
1062 3607 1125 3652 suo
1161 3586 1305 3676 Oratore
1335 3582 1439 3651 modo

323 3692 529 3786 protulerat,
543 3697 698 3782 repetere
714 3689 853 3757 videtur
873 3708 880 3757 :

353 3920 386 3984 (1)
402 3919 462 3983 lpse
475 3918 566 3969 Cicero
585 3917 623 3967 ita
634 3915 762 3980 loquitur,
773 3914 811 3963 De
824 3914 883 3963 Nat.
895 3913 967 3961 deor.
977 3912 998 3970 1,
1009 3912 1048 3971 11;
1060 3924 1126 3961 nam
1140 3910 1211 3974 quod
1224 3924 1284 3961 eam
1296 3910 1375 3974 «fam
1384 3910 1441 3975 pri·

323 3992 382 4041 dem
396 3991 520 4041 relictam
536 4005 547 4035 e
575 4002 635 4041 esse
650 3986 762 4051 quidam
776 3985 902 4035 dicebant
917 3981 965 4045 (Cf.
984 3982 1060 4041 ibid,
1074 3982 1108 4043 6),
1121 3982 1149 4031 id
1170 3982 1261 4045 ipsum
1276 3996 1292 4031 a
1315 3981 1441 4031 Cicerone

322 4062 461 4113 refellitur.

271 4132 273 4135 ’
352 4135 386 4196 (2)
402 4132 440 4184 Gi.
453 4132 538 4182 dead.
553 4131 637 4195 prior.
654 4130 688 4187 ll,
704 4129 743 4177 ll.

354 4207 386 4267 (3)
404 4205 480 4254 Sicut
490 4204 610 4267 loquitur
621 4201 765 4261 Cicero,De
778 4198 853 4257 Fato,
868 4199 891 4246 3.
929 4204 932 4211 ·

353 4278 391 4339 (1)
407 4277 481 4326 Sicut
496 4274 561 4324 dicit
572 4275 601 4323 in
615 4274 700 4321 Bruto
716 4273 781 4334 (131)
795 4269 827 4319 de
843 4269 874 4318 Τ.
902 4266 1023 4325 Albucio,
1040 4281 1053 4316 a
1071 4266 1193 4330 perlecto
1209 4265 1377 4330 Epicureo»,
1400 4265 1441 4315 lo-

322 4361 416 4411 quens,

351 4421 386 4483 (5)
401 4419 485 4479 63-61,
499 4416 542 4475 cl,
557 4428 647 4479 supra,
663 4418 675 4474 5
692 4415 715 4472 1,
727 4427 754 4477 p.
770 4414 809 4463 38.

353 4492 385 4554 (6)
402 4489 440 4542 Gi.
456 4488 599 4547 nerino„
617 4486 637 4545 l,
651 4486 688 4535 ll.

353 4563 385 4625 (1)
402 4560 440 4611 (ll.
456 4560 494 4610 De
510 4558 607 4617 Finit..
618 4558 651 4617 ll,
668 4558 707 4615 at,
719 4557 745 4605 et
763 4554 877 4619 passim.

354 4634 386 4697 (8)
400 4634 438 4680 De
451 4630 528 4680 Finit>
543 4668 549 4689 ,
568 4630 610 4690 lV,
624 4630 708 4691 capi
722 4640 781 4690 sqq.

353 4708 386 4767 (9)
402 4706 440 4753 De
454 4703 507 4762 Ora,
522 4702 568 4760 lll,
584 4702 623 4761 61,
637 4699 673 4750 cl.
693 4712 783 4762 supra,
799 4711 825 4761 p.
838 4698 878 4745 39.
