3742 5167
809 537 986 601 ..21-

340 708 582 777 excellentiam
597 706 656 797 (1),
668 706 711 774 ad
722 728 843 774 earum
865 727 995 786 rerum,
1009 728 1159 795 quarum
1173 709 1271 797 quasi
1287 731 1460 777 concursu

340 816 425 885 haec
458 815 550 884 effici
575 816 696 905 possit,
733 814 1003 905 descriptionem
1030 816 1213 898 transitur,
1235 856 1275 866 -
1304 816 1457 884 dialecti-

340 946 416 992 cam
430 929 464 991 et
479 922 661 1013 physicam
681 920 763 988 huic
783 921 907 989 tertiae
924 924 1028 1010 parti,
1047 943 1153 1010 quarn
1170 944 1232 1011 per
1248 924 1361 990 Crassi
1382 945 1458 1012 per-

340 1053 462 1099 sonam
481 1035 520 1097 ut
537 1030 646 1096 solam
671 1027 934 1117 perdiscendam
950 1028 1151 1117 seponehat,
1173 1030 1249 1097 sine
1265 1030 1337 1098 ulla
1365 1030 1459 1119 ejus-

340 1137 419 1206 dem
433 1137 572 1225 generis
582 1136 803 1203 distinctione
819 1134 999 1224 adjunxit:
1018 1138 1173 1223 primurn
1191 1137 1284 1203 enirn
1300 1136 1458 1225 longiore

342 1244 577 1334 disputatione
608 1241 758 1331 explicat
781 1241 860 1329 (2),
881 1263 943 1308 cur
985 1246 1158 1309 oratorem
1181 1266 1238 1310 «a
1270 1242 1459 1310 dialecticis

341 1352 555 1418 instructum
571 1370 646 1416 esse
664 1375 679 1408 »
712 1347 806 1431 velit,
834 1370 962 1437 neque,
993 1346 1085 1436 quod
1112 1349 1238 1415 exilius
1267 1357 1300 1416 et
1324 1350 1459 1416 aridius

341 1457 601 1525 dialecticorum
626 1478 737 1545 genus
756 1455 897 1523 nonnisi
921 1456 1071 1546 aliquo«
1103 1460 1270 1526 orationis
1299 1460 1410 1527 nitore
1439 1486 1454 1519 n

340 1564 495 1633 adhibito
516 1564 564 1655 (3)
585 1562 835 1630 assumendum
865 1561 1011 1652 judicat,
1045 1555 1126 1631 inde
1165 1566 1341 1633 concludit
1368 1565 1457 1632 hanc

340 1670 560 1760 disciplinam
580 1670 709 1737 oratori
729 1671 892 1738 inutilem
913 1692 1002 1752 esse,
1033 1708 1073 1719 -
1102 1672 1191 1738 sicut
1219 1673 1395 1739 Antonius
1422 1673 1457 1738 in

340 1776 492 1845 secundo
514 1778 554 1843 de
582 1778 726 1845 Oratore
764 1776 855 1843 libro
888 1776 951 1866 (l),
992 1799 1168 1867 nusquam
1202 1779 1458 1846 contradicente

342 1886 477 1968 Crasso,
497 1911 513 1945 «
533 1884 635 1951 istam
661 1890 772 1951 artem
792 1890 902 1951 totam
923 1882 1131 1967 dimittebat,
1152 1889 1320 1974 tanquam
1342 1886 1380 1951 in
1403 1909 1461 1952 ex-

340 1990 533 2080 cogitandis
548 1992 763 2076 argumentis
788 1997 923 2057 mutam
942 1988 1107 2070 nimium,
1125 1991 1161 2057 in
1186 1991 1386 2082 judicandis
1406 1994 1458 2059 ni·
1488 2009 1492 2015 '

341 2098 452 2163 mium
467 2096 649 2186 loquacem
666 2125 681 2157 n
701 2120 708 2179 ;
725 2104 813 2180 tum,
836 2137 879 2145 —
903 2101 1089 2186 postquam
1122 2096 1272 2166 breviter
1290 2121 1459 2167 memora-

341 2203 391 2268 vit
412 2200 473 2291 (5),
494 2223 602 2290 quare
632 2230 648 2263 n
675 2226 796 2270 omnes
821 2201 1064 2293 philosophiae
1094 2210 1196 2271 notos
1224 2228 1263 2273 ac
1296 2211 1458 2273 tractatos

341 2310 434 2376 locos
460 2307 590 2375 habere
608 2336 623 2370 n
650 2317 765 2378 orator
785 2310 938 2392 deberet,
965 2333 1123 2377 —suam
1144 2311 1310 2401 physicae
1325 2312 1456 2379 utilita—
1519 2338 1524 2349 ¹

340 2422 412 2483 tem
432 2415 560 2484 iterum
581 2414 636 2482 his
651 2415 767 2484 verbis
782 2417 935 2503 assignat
952 2415 1000 2506 (6)
1015 2435 1022 2482 ε
1049 2438 1220 2505 «...quem
1241 2419 1455 2508 (oratorem),

344 2552 359 2585 a
381 2546 450 2613 quo
466 2522 631 2611 grandior
645 2524 688 2589 sit
703 2530 735 2590 et
750 2522 902 2612 quodam
923 2522 1028 2590 modo
1049 2524 1228 2609 excelsior,
1249 2529 1287 2591 ut
1300 2524 1343 2591 de
1362 2526 1459 2592 Peri-

343 2656 359 2691 «
381 2630 432 2697 cle
459 2629 530 2696 dixi
555 2652 674 2719 supra,
695 2652 737 2696 nc
765 2628 991 2719 physicorum
1026 2628 1169 2720 quidem
1190 2652 1265 2697 esse
1292 2632 1457 2721 ignarum

344 2764 359 2797 a
382 2737 484 2804 volo:
502 2737 620 2803 omnia
639 2736 805 2825 protecto,
827 2759 905 2803 curn
923 2759 959 2803 se
974 2760 993 2803 a
1009 2736 1220 2803 caelestibus
1245 2736 1350 2804 rebus
1367 2739 1457 2805 refe-

343 2872 359 2905 «
382 2849 434 2910 ret
454 2843 496 2909 ad
511 2842 696 2926 humanas
711 2844 883 2911 excelsius
897 2843 1253 2932 magnificentiusque
1273 2850 1307 2912 et
1320 2844 1409 2911 dicet
1424 2853 1458 2911 ct

344 2978 358 3011 n
386 2951 522 3017 sentiet.
547 2977 562 3010 n

386 3056 447 3123 His
458 3057 567 3140 igitur
581 3056 622 3123 de
635 3055 816 3123 dialectica
838 3063 871 3121 et
892 3053 1038 3143 physica
1067 3056 1285 3142 argumentis
1319 3061 1457 3122 auctam

341 3164 453 3252 ipsam
479 3164 687 3231 sententiam
707 3163 743 3227 in
761 3162 902 3227 Oratore
922 3182 1169 3249 recognoscere
1188 3161 1281 3244 licet,
1301 3184 1407 3250 quam
1421 3163 1455 3227 in

343 3270 416 3336 suis
442 3268 483 3337 de
514 3271 655 3336 Oratore
674 3268 772 3334 libris
806 3267 924 3335 Cicero
955 3272 989 3332 et
1008 3289 1069 3356 per
1102 3266 1216 3334 Crassi
1237 3268 1456 3356 potissimum

343 3398 526 3465 personam
543 3374 734 3465 explicabat
754 3380 787 3441 et
806 3374 880 3462 ipse
902 3374 937 3439 in
960 3374 1146 3459 prooemiis
1168 3378 1207 3439 ut
1221 3395 1321 3440 suam
1344 3373 1424 3461 prot
1443 3411 1458 3423 -

343 3482 450 3549 rebat.
470 3481 568 3563 Quod
580 3489 697 3548 autern
713 3480 816 3570 hujus
831 3480 953 3571 capitis
968 3481 1069 3546 initio
1077 3480 1150 3569 jam
1166 3480 1456 3569 significavimus

343 3589 438 3679 quali
456 3590 491 3655 in
508 3588 748 3678 philosophiae
775 3587 890 3655 studio
920 3588 1021 3676 quasi
1047 3588 1290 3676 progressione
1315 3586 1459 3654 adhanc

343 3717 514 3762 novarum
531 3696 706 3761 rationum
722 3692 983 3784 adjunctionem
1004 3694 1121 3761 Cicero
1143 3693 1267 3761 adduci
1294 3694 1456 3782 potuerit,

343 3801 376 3868 id
395 3825 438 3869 ex
457 3824 497 3868 eo
530 3803 637 3868 etiarn
670 3800 818 3891 intelligi
840 3806 965 3889 potest.
992 3800 1084 3890 quod
1105 3802 1141 3866 in
1170 3801 1312 3867 Oratore
1342 3799 1458 3888 plnres

343 3930 465 3975 earum
488 3908 640 3975 Platonis
656 3908 859 3974 auctoritate
874 3907 1028 3996 apertius
1043 3905 1367 3995 commendavit(7).
1392 3905 1458 3972 Sed

344 4014 510 4102 quoniam
531 4036 590 4080 eae
610 4013 727 4081 variae
756 4014 907 4079 rationes
929 4012 965 4078 in
985 4012 1163 4078 communi
1191 4013 1263 4079 fere
1282 4033 1459 4079 commen-

376 4198 409 4261 (1)
426 4198 471 4248 Or.
487 4198 532 4247 100
545 4211 604 4261 sqq.

375 4270 408 4331 (2)
424 4268 466 4319 Or.
482 4268 599 4327 113,118.

375 4340 409 4402 (3)
424 4340 468 4389 Or.
484 4340 537 4388 ll'l.

377 4414 409 4474 (4)
426 4413 538 4460 tae-roo.
558 4411 719 4473 Quanquam
742 4410 891 4459 Antonium
913 4408 1041 4458 eumdem
1065 4406 1094 4455 in
1117 4406 1208 4456 librol
1231 4405 1295 4468 (128)
1318 4418 1461 4455 «acumen

344 4482 551 4532 dialecticorum
567 4498 577 4527 r
592 4481 621 4530 in
633 4482 738 4530 oratore
762 4481 945 4543 requirentem
969 4480 1059 4528 Cicero
1070 4475 1205 4526 faciebat:
1222 4474 1268 4524 sed
1292 4474 1461 4523 dialecticam

345 4553 493 4616 quamdam
508 4553 609 4602 oratori
622 4553 702 4615 quasi
715 4552 902 4615 ingeneratam
917 4550 1082 4611 insitamque
1092 4549 1129 4597 ita
1142 4547 1292 4609 intelligere
1309 4546 1460 4595 ridebatur.

377 4626 401 4686 (5
415 4628 443 4673 et
455 4625 479 4686 6)
495 4625 537 4673 Or.
551 4626 595 4673 118
606 4626 632 4673 et
644 4624 698 4671 119.

378 4698 410 4759 (Ἰ)
428 4696 471 4746 cr.
488 4698 516 4745 14
528 4704 553 4745 et
570 4696 615 4744 119
628 4695 706 4758 (quos
721 4693 797 4744 locos
814 4706 895 4757 supra
909 4691 1076 4753 retulimus).
